1621 2960
197 164 262 234 37
275 180 301 216 2
681 158 996 218 Aclclenda

192 269 294 308 ead„
324 268 381 312 fig.
405 268 436 301 4.
457 289 500 295 —
522 271 566 302 G.
591 269 770 311 melanas,
793 270 862 302 tab.
882 270 960 302 ead.
975 295 984 312 ‚
1003 270 1059 315 fig.
1080 271 1112 304 5.
1138 288 1183 297 -
1200 273 1242 304 G.
1261 271 1393 315 arabs,
1408 273 1482 308 tab.

191 335 267 369 ead.
288 359 298 378 ‚
326 335 385 378 fig.
405 333 437 368 6.

237 450 332 492 Pag.
373 458 447 491 171.
480 445 743 489 Entomophagi
777 447 892 478 nostri
927 447 1127 494 adephagis
1160 449 1255 482 dom.
1291 449 1480 482 Clairville

193 513 204 557 (
226 515 366 546 Entom.
392 510 533 543 Helve't.
549 536 558 548 ‚
581 517 663 543 tom.
682 523 700 543 2
714 511 751 556 ,)
780 512 1008 555 respondent.
1028 512 1278 556 Cicindeletae,
1303 515 1482 556 carabici,

196 577 296 610 illius
320 574 489 618 adephagi
514 581 695 607 terrestres
710 590 717 616 ;
733 575 1014 618 hydrocanthari
1030 587 1116 608 vero
1129 578 1244 610 nostri
1263 579 1423 622 ejusdem
1446 589 1477 611 a.

196 641 376 686 aquatici,
391 650 518 683 genere
532 638 697 683 Scolytus
711 645 871 683 excepto.

238 756 333 798 Pag.
364 753 440 792 173.
464 753 587 784 Genus
604 753 870 786 MANTICORA.

239 815 455 847 Maniicoras
470 814 665 847 Cicindelis
682 815 847 858 adjungit
868 815 963 847 dom.
983 814 1172 848 Clairville
1189 833 1199 858 3
1216 825 1340 847 revera
1360 814 1482 846 faten-

195 880 281 912 dum
299 885 350 911 est
370 879 610 911 differrentias
631 880 674 911 ab
691 891 750 911 ore
768 885 803 912 et
821 880 991 912 antennis
1010 880 1237 923 depromptas
1255 891 1484 923 nequaquam

196 943 354 976 sufficere
370 968 378 984 ‚
399 949 434 975 et
462 943 607 986 perinde
634 944 790 976 auctoris
815 945 994 977 sententia
1020 945 1176 988 quodam
1205 945 1312 977 modo
1334 946 1487 977 robora-

193 1013 266 1039 tur.
296 1008 579 1040 Manticorarum
603 1014 705 1040 notas
735 1009 847 1052 igitur
880 1009 1000 1042 denuo
1029 1010 1250 1052 observavi,
1284 1016 1319 1043 et
1349 1011 1487 1043 detecta

196 1083 386 1116 exponass'l·

247 1136 291 1170 1⁰.
314 1138 491 1169 Antennae
505 1138 654 1181 paulum
675 1138 769 1170 ultra
784 1138 973 1170 oculorum
989 1138 1125 1182 apicem
1141 1145 1176 1171 et
1198 1139 1264 1171 sub
1279 1150 1386 1182 parvo
1404 1151 1488 1183 pro-

197 1210 294 1230 cessu
320 1198 480 1240 insertae3
504 1199 544 1230 in
569 1199 765 1231 Cicindelis
789 1211 833 1231 ex
860 1200 1049 1232 oculorum
1065 1201 1226 1244 margine
1247 1201 1366 1232 antico
1390 1201 1490 1233 nude

198 1256 407 1304 prodeunt.'

248 1325 294 1359 2⁰.
317 1326 472 1370 Clypeus
491 1351 500 1367 ,
525 1326 582 1357 vel
603 1325 730 1368 capitis
756 1325 911 1369 spatium
939 1325 1173 1369 clypeiforme
1198 1332 1233 1358 et
1261 1326 1321 1358 cui
1345 1327 1487 1359 labrum

198 1389 353 1421 adhaeret
368 1414 377 1429 ,
397 1389 487 1421 labri
502 1389 754 1431 magnitudine
771 1407 781 1430 3
816 1390 850 1420 in
868 1389 1064 1421 Cicindelis
1082 1390 1271 1421 manifesto
1286 1390 1442 1422 brevior.

248 1450 293 1482 5⁰.
316 1450 535 1482 Mandibulae
556 1451 662 1482 dente
686 1461 758 1481 uno
783 1456 818 1482 et
848 1450 1064 1482 intermedio
1087 1451 1208 1482 lateris
1236 1451 1374 1483 interni
1395 1451 1489 1484 den·-

200 1514 297 1545 tibus
324 1513 463 1544 duobus
486 1512 660 1555 proximis
681 1513 797 1544 multo
823 1513 990 1554 minore3
1014 1513 1071 1545 his
1098 1513 1267 1545 omnibus
1296 1514 1335 1545 in
1360 1514 1490 1546 Cicin-

201 1578 290 1610 delis
316 1578 523 1620 aequalibus.
549 1577 832 1609 Maniicorarum
855 1589 951 1609 unus
979 1589 997 1609 e
1023 1578 1193 1610 dentibus
1217 1578 1351 1610 infimis
1372 1579 1493 1611 baseos

201 1654 259 1674 seu
290 1642 487 1674 molaribus
508 1641 774 1685 emarginatus,
802 1641 892 1673 alter
926 1653 1012 1673 vero
1044 1641 1200 1685 integer3
1231 1642 1268 1674 in
1296 1642 1492 1675 Cicindelis

202 1713 322 1739 autem
338 1706 397 1738 hic
416 1712 451 1739 et
470 1706 532 1738 ille
553 1705 727 1749 profunde
744 1705 859 1737 bifidi.

249 1770 297 1804 4⁰.
323 1771 423 1814 Palpi
457 1771 662 1803 maxillares
689 1770 829 1802 externi
859 1777 893 1802 et
928 1770 1076 1802 labiales
1106 1771 1259 1803 articulo
1287 1770 1419 1803 ultimo
1447 1769 1491 1803 ad

200 1833 336 1876 apicem
361 1832 465 1864 valde
491 1843 689 1874 compresso
716 1838 750 1863 et
777 1832 952 1875 gradatim
976 1832 1083 1875 paulo
1106 1832 1259 1873 latiore3
1286 1832 1324 1864 in
1350 1832 1407 1864 his
1428 1843 1491 1864 seu

200 1895 392 1928 labialibus
416 1895 511 1927 idem
542 1895 720 1928 articulus
749 1895 989 1928 articulorum
1022 1895 1180 1927 duorum
1210 1902 1245 1928 et
1278 1897 1493 1939 conjuncto-

200 1970 283 1990 rum
306 1959 424 2001 palpos
442 1958 647 1990 maxillares
665 1965 830 1990 externos
851 1959 1131 1992 terminantium
1149 1958 1221 1991 fere
1238 1959 1491 2002 longitudine3

199 2021 238 2053 iu
258 2021 453 2053 Cicindelis
479 2022 620 2053 brevior
634 2047 642 2061 ‚
657 2022 850 2054 obconicus
876 2028 910 2054 et
934 2022 996 2054 vix
1020 2033 1254 2065 compressus.
1272 2022 1492 2054 Mantinon-a-

200 2096 282 2117 rum
305 2085 398 2127 palpi
418 2085 624 2117 maxillares
641 2086 782 2117 externi
803 2086 957 2118 articulo
976 2085 1179 2130 penultimo
1197 2073 1388 2117 manifesto
1410 2084 1492 2116 lon-

153 2189 155 2192 Α
200 2147 298 2191 giore
322 2148 505 2190 sequenti3
524 2148 590 2180 hoc
606 2149 642 2180 in
657 2149 855 2181 Cicindelis
872 2150 1083 2193 praecedenti
1105 2155 1167 2181 aut
1185 2148 1388 2192 penultimo
1406 2148 1493 2180 lon-

203 2210 312 2253 giore.
348 2210 571 2243 Eorumdem
600 2213 786 2255 palporum
815 2213 991 2245 articulus
1013 2213 1190 2245 secundus
1219 2212 1256 2244 in
1282 2210 1495 2244 Manticoris

200 2274 421 2316 cylindricus
442 2301 450 2315 ‚
482 2276 521 2307 in
550 2276 746 2310 cicindelis
782 2277 1003 2317 obconicus3
1034 2277 1089 2308 his
1117 2276 1274 2319 denique
1300 2274 1489 2306 labialium

200 2338 376 2370 articulus
401 2341 577 2372 secundus
601 2341 742 2385 longior
757 2367 768 2379 ,
785 2341 895 2385 magis
913 2341 1053 2383 hirtus;
1071 2341 1225 2373 ultimus
1243 2339 1491 2372 maxillarium

202 2402 433 2434 internorum
461 2404 583 2436 minus
605 2405 849 2446 cylindricus,
875 2406 919 2437 ad
939 2406 1076 2448 apicem
1098 2404 1204 2448 paulo
1221 2403 1382 2436 crassior.

242 2464 292 2497 5⁰.
312 2465 517 2498 Mantieorae
534 2478 553 2498 a
566 2467 762 2501 Cicindelis
778 2468 905 2500 habitu
918 2468 990 2500 alio
1005 2468 1191 2500 evidenter
1210 2466 1487 2499 discernuntur.
