1621 2960
321 200 459 260 Orcl.
500 199 559 256 V
560 198 612 255 I.
629 240 650 265 ‚
690 193 1099 271 Lepidoptera.
1247 197 1349 252 185

66 316 172 357 aulis,
192 312 322 347 ultimo
345 308 599 354 unguiculat03
616 305 800 350 unguibus
821 303 974 347 duobus,
994 302 1241 336 communiter
1265 304 1354 336 sim-

68 380 223 425 plicibus
245 401 257 416 ,
293 376 332 409 in
370 373 559 406 nonnullis
591 370 735 412 bifidis,
769 375 831 402 aut
867 367 1087 412 subgeminis
1113 373 1230 399 setave
1259 367 1355 401 infra

69 442 251 488 stipitatis.
270 440 379 473 Pedes
401 438 514 470 antici
539 434 804 481 papilionidum
831 433 994 477 plurium
1014 433 1129 466 multo
1149 432 1331 465 breviores
1345 457 1355 472 ,

69 504 294 546 submutici‚
322 502 508 536 interdum
539 498 800 536 hirsutissimi,
829 497 979 537 inflexi,
1011 498 1145 541 pectori
1175 497 1330 541 appressi
1351 521 1361 538 ,

72 570 160 603 inde
186 568 314 612 spurii.
333 565 522 600 Abdomen
542 563 710 596 diametri
737 561 929 594 transversi
951 567 1050 604 parte
1074 560 1227 593 minima
1252 571 1363 604 punc-

73 640 154 667 tove
187 630 422 666 metathoraci
448 629 615 669 affixum,
644 627 834 671 segmentis
859 637 918 658 sex
941 631 1003 658 aut
1024 632 1159 668 septem
1179 631 1365 667 constans,

72 697 179 731 modo
198 695 389 735 subovale,
408 692 513 725 modo
530 691 696 723 conicum
716 690 773 722 vel
795 689 1124 731 snbcylindricum.

122 782 282 817 Mascali
306 780 473 814 antennis
493 778 643 811 diversis
658 803 666 818 ‚
697 776 891 809 abdomine
920 776 1126 819 angustiore
1146 801 1154 818 ,
1177 774 1364 808 interdum

76 846 190 890 palpis
203 871 211 885 ,
229 844 424 884 coloribus,
447 854 467 874 a
482 842 634 888 feminis
652 839 899 883 distinguendi
915 854 923 880 3
950 839 1079 871 harum
1096 845 1260 871 antennae
1280 848 1367 881 saepe

77 910 258 953 simplices
273 933 282 950 ,
303 908 340 940 in
360 907 541 952 prioribus
567 917 651 938 vero
672 905 856 949 pectinatae
871 929 880 945 ,
898 910 1037 936 serratae
1056 909 1119 936 aut
1134 904 1273 936 ciliatae.
1298 905 1370 936 Fe-

79 976 188 1008 minoe
214 983 395 1019 perpaucae
415 977 541 1015 apterae
557 976 619 1002 aut
638 969 703 1002 alis
721 968 942 1001 brevissimis
956 968 1150 1000 instructae.

128 1052 430 1099 Metamorphosis
449 1051 598 1083 obtecta.

130 1136 254 1166 Larva
285 1143 346 1164 seu
375 1143 480 1164 eruca
506 1130 655 1174 pedibus
684 1128 863 1162 sexdecim
885 1128 928 1161 ad
944 1128 1066 1160 decem
1092 1127 1266 1159 instructa
1294 1125 1377 1169 (sex

84 1198 214 1232 anticis
234 1196 478 1240 unguiculatis
491 1220 500 1236 ,
521 1206 660 1238 semper
687 1194 893 1225 extantibus
909 1218 917 1233 ‚
936 1193 1017 1225 aliis
1036 1202 1121 1224 vero
1146 1190 1378 1222 membrana-

83 1261 180 1301 ceis,
211 1261 255 1293 ad
284 1259 420 1304 apicem
448 1258 668 1296 dilatandis,
707 1268 791 1300 saepe
822 1256 1055 1289 denticulatis
1075 1280 1083 1296 ‚
1115 1254 1273 1297 corporis
1304 1264 1380 1296 seg-

83 1330 207 1358 menta
227 1322 442 1356 intermedia
463 1327 499 1354 et
518 1321 694 1353 ultimum
709 1317 987 1364 occupantibus)
1005 1318 1144 1357 mollis,
1164 1317 1379 1360 plerumque

88 1388 253 1432 elongata
275 1412 284 1429 ,
311 1385 581 1428 subcylindrica
615 1384 673 1416 vel
704 1383 953 1415 tereti-conica
980 1407 991 1420 ‚
1018 1380 1191 1414 annulata
1211 1405 1222 1418 ‚
1255 1385 1381 1422 praeter

83 1458 192 1495 caput
217 1449 409 1494 segmentis
433 1448 623 1482 duodecim
652 1453 836 1487 constans,
867 1446 996 1478 vestitu
1013 1471 1023 1487 ‚
1043 1444 1224 1476 coloribus
1253 1443 1382 1475 admo-

86 1515 176 1547 dum
203 1514 303 1545 varia
330 1539 339 1554 ‚
374 1512 562 1556 spiraculis
590 1511 764 1553 utrinqne
793 1521 922 1542 novem
946 1524 954 1550 3
981 1514 1087 1552 caput
1113 1513 1194 1539 cute
1231 1518 1382 1548 cornea,

88 1585 126 1612 ct
164 1579 204 1610 in
234 1578 306 1610 duo
330 1575 578 1619 hemisphaeria
603 1575 701 1607 sulco
737 1586 889 1618 superne
914 1573 1055 1612 divisa,
1085 1571 1381 1614 cataphractum3

90 1642 234 1686 granuli
259 1651 319 1673 sex
343 1639 468 1684 (oculi
481 1638 524 1684 '?)
547 1650 591 1670 ex
615 1644 771 1680 utroque
797 1637 927 1678 latei-033
946 1647 982 1668 os
1001 1636 1125 1678 clypeo
1143 1634 1383 1677 emarginato,

90 1702 315 1737 mandibulis
344 1701 483 1735 duabus
514 1699 677 1739 corneis,
706 1697 961 1738 validissimis,
986 1696 1218 1729 denticulatis
1235 1721 1244 1737 ‚
1271 1693 1384 1737 palpis

91 1767 254 1808 duobus,
282 1764 525 1805 brevissimis,
552 1763 778 1803 incrassatis,
808 1762 960 1803 omneis,
989 1759 1263 1800 triarticulatis5
1287 1757 1383 1789 labio

92 1844 110 1864 e
130 1829 351 1874 corpusculis
375 1828 490 1861 tribus
521 1827 655 1859 conicis
678 1827 734 1858 vel
758 1825 990 1869 pyramidatis
1007 1850 1014 1865 ‚
1034 1824 1076 1855 ad
1106 1823 1242 1866 apicem
1268 1832 1385 1853 mam·-

93 1892 268 1932 mittatis,
288 1891 464 1932 conflat03
487 1890 697 1934 corpusculo
720 1888 934 1921 intermedio
950 1914 957 1928 ,
986 1887 1080 1919 labio
1107 1886 1225 1918 forsan
1240 1884 1384 1928 proprie

95 1958 191 1990 dieto
204 1982 212 1997 ,
237 1956 343 1999 paulo
361 1956 495 1997 majore
509 1979 518 1995 ,
544 1955 610 1986 sub
630 1953 728 1996 apice
744 1977 752 1992 ,
780 1952 849 1983 filis
874 1951 1016 1983 sericeis
1042 1948 1275 1982 excludendis
1294 1972 1302 1988 ,
1321 1957 1386 1978 an-

98 2022 165 2054 tice
185 2019 377 2065 perforato.
411 2018 536 2051 Victus
559 2029 577 2049 e
598 2016 869 2059 vegetabilibus.

146 2109 330 2155 Chrysalis
349 2115 411 2142 aut
426 2120 526 2154 papa
550 2107 770 2147 immobilis,
794 2111 896 2138 ovata
921 2105 978 2136 vel
1004 2101 1251 2135 ovato-conica
1267 2126 1275 2142 ‚
1303 2106 1385 2134 cute

99 2175 258 2207 coriacea
281 2174 454 2206 continua
472 2199 481 2216 ,
510 2179 544 2205 at
575 2171 702 2203 insecti
731 2168 936 2202 declarandi
963 2167 1124 2200 membra
1156 2173 1303 2198 externa
1328 2177 1386 2198 re-

99 2237 254 2279 ferente,
275 2237 438 2289 involnta
452 2262 460 2278 ,
480 2235 612 2280 postice
629 2234 819 2273 annulata,
839 2234 876 2264 in
898 2230 1180 2275 papilionidibus
1199 2228 1388 2274 persaepius

101 2301 199 2332 nuda
213 2325 222 2342 ,
252 2301 418 2343 angulata
438 2326 447 2342 ,
483 2299 700 2342 quandoque
732 2297 882 2329 maculis
912 2294 1102 2327 metallicis
1127 2299 1249 2326 ornata
1264 2318 1273 2334 ,
1309 2298 1390 2324 tum

103 2372 171 2394 ano
191 2362 282 2400 solo,
304 2367 380 2394 tum
401 2361 460 2393 filo
479 2367 679 2393 transverso
698 2365 734 2391 et
752 2370 815 2405 per
835 2357 998 2390 medium
1020 2356 1200 2398 corporis,
1223 2355 1363 2397 alligata
1379 2377 1390 2396 ‚

103 2425 144 2458 in
161 2424 392 2468 lepidopteris
405 2424 485 2456 aliis
503 2424 619 2465 laevis,
639 2423 765 2455 crebro
789 2420 987 2453 folliculata
1007 2419 1064 2451 vel
1084 2418 1219 2462 sepulta
1234 2423 1297 2450 aut
1310 2428 1390 2448 cor—

105 2489 254 2533 poribus
276 2489 388 2522 variis
403 2489 579 2522 occultata
595 2503 605 2532 3
624 2487 802 2532 spiracula
822 2486 993 2529 utrinque
1010 2494 1153 2517 novem.

205 2568 288 2616 IV.
1106 2574 1170 2624 24
