1621 2960
203 186 309 243 256
481 185 730 239 Insecfia,
773 183 949 237 Ptero
957 182 1162 237 clicercc.

197 295 337 338 joribus
365 293 635 336 depromendae3
674 297 809 322 naturae
839 290 974 321 etenim
1010 291 1119 333 magis
1151 301 1259 333 quam
1293 290 1485 325 hominum

200 357 400 390 theoreticae
417 362 451 387 et
468 355 719 398 systematibus
745 353 979 385 credendum.
1005 354 1279 386 Observandum
1307 360 1358 386 est
1379 355 1487 387 etiam

199 423 240 454 in
280 432 449 464 generum
488 419 736 450 characterum
775 417 996 459 expositione
1039 418 1166 449 seriem
1198 418 1488 449 mathematicam

199 485 342 518 admitti
367 495 440 515 non
468 493 585 524 posse5
612 481 717 513 modo
742 486 922 520 antennae,
951 480 1056 512 modo
1076 481 1316 513 instrumenta
1336 481 1492 520 cibaria,

200 549 416 593 quandoque
442 557 527 577 vero
552 554 766 587 organorum
797 549 916 575 motus
947 543 1027 575 talis
1062 550 1123 576 aut
1160 545 1241 576 talis
1271 543 1491 577 modificatio

202 611 388 655 praevalere
418 608 603 639 videntur.

247 674 295 707 2⁰.
322 674 566 704 Instrumenta
591 670 725 702 cibaria
742 695 750 711 ‚
773 670 859 701 licet
886 672 1034 714 exigua,
1067 672 1153 703 licet
1182 672 1367 704 observatu
1392 671 1489 703 diffi-

200 738 307 778 cilia,
335 737 419 768 licet
447 735 623 778 litigiosa⁷
649 734 869 765 characteres
895 740 1014 765 tamen
1044 734 1234 776 primarios
1263 741 1299 767 et
1333 735 1492 767 absolute

201 797 440 842 requirendos
465 796 651 828 exhibent.

248 861 295 894 5⁰.
324 862 365 893 In
392 872 518 903 genere
546 860 702 892 maxime
732 859 890 891 naturali
919 869 1047 901 organa
1075 859 1251 902 praecipua
1281 871 1434 892 numero
1458 867 1493 892 et

203 925 318 957 forma
349 924 471 955 eadem
503 935 573 955 esse
601 923 758 964 debent3
788 934 862 955 non
893 923 1097 954 associanda
1131 923 1243 966 igitur
1263 934 1340 966 quae
1358 923 1396 954 in
1414 935 1494 966 par-

204 988 301 1020 tibus
328 987 516 1019 nonnullis
539 986 653 1029 reipsa
679 987 925 1026 conveniunt,
952 986 1009 1017 sed
1030 997 1106 1028 quae
1123 986 1159 1017 in
1176 986 1333 1024 caeteris,
1363 987 1431 1018 alia
1451 987 1493 1018 ab

205 1051 286 1083 aliis
307 1051 520 1093 discrepant.
547 1050 769 1081 Insectorum
788 1061 915 1092 genera
935 1050 1073 1081 alarum
1100 1055 1134 1080 et
1157 1055 1396 1081 antennarum
1413 1050 1495 1081 har-

202 1115 323 1147 monia
349 1114 497 1146 fundata
525 1113 655 1145 exinde
678 1114 926 1156 repelluntur,
953 1113 982 1144 si
1004 1113 1219 1144 nutritionis
1247 1114 1492 1144 instrumenta

204 1180 343 1212 diverse
369 1178 639 1210 constituantur
666 1183 728 1208 aut
746 1177 870 1208 saltem
894 1177 933 1208 in
959 1177 1128 1208 methodo
1151 1177 1332 1208 artificiali
1352 1183 1493 1209 tantum

202 1241 435 1273 admittenda.
462 1241 602 1272 Harum
623 1239 782 1282 partium
813 1239 924 1270 officia
949 1248 1034 1271 sunt
1060 1241 1206 1282 majoris
1233 1251 1376 1283 prorsus
1412 1251 1491 1272 mo·-

203 1306 321 1337 menti
350 1316 458 1347 quam
483 1304 622 1334 alarum
651 1303 799 1334 cellulae.

252 1378 298 1410 4⁰.
327 1377 465 1421 Speciei
494 1388 570 1408 mas
587 1375 780 1420 etfemina
799 1374 964 1417 quamvis
983 1386 1199 1417 organorum
1226 1376 1492 1409 nonnullorum

202 1442 334 1481 forma,
364 1441 543 1472 coloribus
563 1464 571 1480 ‚
599 1440 688 1470 alter
717 1439 759 1470 ab
797 1439 907 1470 altero
944 1437 1126 1481 distincti,
1164 1439 1298 1471 animal
1327 1440 1419 1471 idem
1455 1440 1493 1471 in

202 1503 329 1535 ordine
355 1502 515 1533 naturali
540 1501 696 1532 habendi
720 1506 814 1532 sunt.
844 1500 901 1531 Ad
936 1511 1109 1543 generum
1136 1501 1407 1543 specierumque
1433 1502 1496 1533 de-

203 1566 441 1609 signationem
463 1565 683 1596 characteres
705 1564 806 1596 sexui
833 1565 941 1595 unico
967 1565 1128 1607 proprios
1153 1570 1215 1595 aut
1234 1575 1442 1596 communes
1459 1571 1496 1598 at

200 1629 315 1662 forma
352 1630 510 1661 diversos
547 1628 717 1660 adhibere
745 1627 1024 1670 compellimur,
1056 1634 1090 1659 et
1115 1628 1180 1659 hoc
1209 1627 1300 1661 vitio
1330 1628 1494 1661 laborant

202 1693 363 1725 methodi
394 1703 530 1724 omnes.

250 1756 298 1788 5⁰.
326 1756 424 1788 Ordo
458 1755 634 1787 naturalis
670 1766 810 1787 summa
844 1755 1032 1798 diligentia
1062 1755 1321 1798 explorandus5
1358 1756 1495 1797 Hyme-

203 1828 352 1866 noptera
378 1822 417 1853 in
438 1821 660 1853 terebrantia
683 1827 718 1852 et
748 1820 917 1853 aculeata
944 1821 1089 1853 dividit.
1106 1821 1253 1852 Domini
1272 1821 1399 1852 Jurine
1414 1832 1495 1852 me-

201 1886 331 1918 thodus
355 1885 460 1917 seriei
487 1884 644 1916 naturali
664 1884 702 1915 in
728 1884 913 1927 perpaucis
930 1883 1155 1923 adversatur,
1184 1895 1268 1914 cum
1297 1883 1493 1926 Cynipsera

202 1949 247 1981 ab
278 1947 615 1985 Iclzeumonidz'hus,
643 1946 809 1980 Matilloe
833 1953 867 1979 et
893 1947 1069 1979 Formica>
1097 1957 1115 1977 a
1143 1946 1282 1991 Tz‘plztz‘s
1298 1946 1401 1989 longe
1422 1946 1495 1978 dis-

207 2017 283 2043 tant
308 2017 343 2043 et
371 2009 540 2055 Apiariis
564 2008 791 2040 succedentia
807 2033 815 2049 ‚
834 2009 1187 2051 Hymenopterorum
1213 2007 1377 2039 ordinem
1397 2007 1495 2039 clau-

206 2075 304 2106 dant.

252 2137 304 2169 (30.
331 2138 517 2170 Generum
535 2136 754 2169 characteres
770 2163 777 2178 ‚
794 2135 857 2168 alii
872 2148 955 2168 cum
974 2136 1054 2168 aliis
1066 2161 1075 2177 ‚
1097 2126 1326 2178 comparandi
1341 2160 1349 2175 ‚
1367 2135 1496 2167 sectio-

203 2211 266 2232 nes
289 2201 587 2244 multiplicandae,
610 2207 651 2232 ut
681 2200 817 2243 generis
842 2199 1072 2242 investigatio
1097 2197 1237 2229 facilior
1261 2197 1398 2228 evadat.

251 2294 360 2326 Nunc
384 2295 523 2327 domini
545 2295 673 2327 Jurine
695 2293 985 2337 terminologiam
1007 2303 1090 2324 cum
1117 2297 1239 2323 nostra
1255 2291 1492 2323 conferamus.

253 2359 390 2401 Stigma
403 2379 448 2384 —
462 2366 654 2403 punctum,
679 2371 825 2403 carpus,
848 2361 1020 2391 JL'RJNE.

252 2424 328 2455 Alae
351 2435 486 2467 superae
512 2436 634 2468 margo
663 2424 820 2457 exterior
844 2424 919 2456 sive
938 2429 1033 2455 cosla
1059 2434 1077 2454 a
1109 2422 1186 2455 basi
1213 2422 1255 2454 ad
1277 2421 1406 2465 stigma
1431 2426 1493 2452 aut

208 2495 386 2532 punctum
405 2509 449 2516 —-
466 2491 606 2529 radius,
635 2491 662 2522 J.

1394 2556 1491 2590 Basis
