1621 2960
67 207 271 264 O}·d.I.
296 208 370 261 F.
389 203 711 267 XXXV,
736 201 1210 276 Chrysomelinoe.
1254 207 1323 261 55

35 315 77 347 A.
103 315 287 348 Antennoe
314 312 387 343 illis
405 316 554 342 serratoe
586 314 651 342 aut
676 307 913 346 subserratoe,
944 308 1104 340 thoracis
1122 310 1186 341 vix
1212 309 1328 355 longi-

80 380 227 418 tudine5
255 377 312 409 his
340 375 497 419 corporis
514 373 594 419 fere
623 373 872 419 longitudine,
897 371 1328 417 simplices,filzfot7nes,

81 438 248 473 articulis
274 435 697 481 cylindrico-obconicis;
717 433 879 467 maxilloe
903 446 1070 479 processu
1098 440 1240 466 externo
1268 436 1328 467 in-

82 511 184 537 terno
210 502 321 535 multo
347 502 480 544 majore
496 515 509 539 ;
532 499 643 544 palpi
661 499 698 531 in
717 499 830 532 medio
853 499 1064 540 crassiores3
1093 497 1247 530 articulo
1273 510 1328 530 se-

86 568 200 601 cundo
219 568 374 611 majore,
394 565 518 597 ultimo
544 563 897 608 conz'co—cylindrico.

38 658 197 700 (Corpus
228 653 381 686 breviter
410 650 775 695 ovato-cylindricum
793 664 806 690 ,-
840 649 934 682 oculi
962 648 1235 694 subreniformes
1267 654 1333 681 aut

158 718 320 764 margine
340 717 479 748 interno
501 715 630 747 saltem
648 713 735 759 plus
758 713 918 745 minusve
941 715 1201 758 emarginato.)

41 841 72 862 30
99 830 284 863 Antennoe
307 835 455 860 serratoe
485 832 552 859 aut
578 825 817 863 subserratoe,
841 824 1000 857 thoracis
1016 825 1077 857 vix
1096 824 1332 870 longitudine.

96 955 356 996 CCCXXIV.
387 955 545 992 GENUS.
580 954 817 991 CHLAMYS.
852 953 1090 1004 Clzlamyde.

94 1027 287 1077 Chlamys
305 1054 318 1070 ,
346 1025 535 1061 ΚΝοσΗ.
562 1045 613 1051 —
640 1023 831 1074 Clytlzra,
867 1024 1001 1068 FAB„
1037 1022 1252 1060 OLIVIER.

95 1104 302 1142 Antennae
331 1101 582 1150 subserratae3
606 1098 769 1153 singula
798 1100 842 1137 in
873 1099 976 1137 rima
995 1098 1215 1152 pectorali,
1236 1107 1336 1138 ster-

45 1188 147 1212 num
180 1172 363 1211 anticum
407 1172 647 1224 prominens
686 1180 724 1209 et
765 1170 1157 1224 inverso-trigonum
1197 1184 1337 1219 secus,

41 1241 339 1283 abscondenda.
373 1244 505 1293 Palpi
543 1240 712 1279 labiales
752 1241 901 1279 furcati
921 1270 931 1288 ,
964 1239 1130 1280 articuli
1168 1239 1338 1280 secundi

44 1313 157 1367 apice
175 1344 186 1362 ,
231 1311 396 1351 articuli
425 1310 564 1350 ultimi
599 1325 707 1363 pone
736 1311 1030 1361 inserssonem,
1057 1311 1236 1349 exterius
1266 1325 1337 1348 su—

43 1396 251 1436 perneque
276 1390 391 1421 acute
421 1382 634 1434 producto.
665 1382 798 1420 Pedes
834 1380 1096 1420 contractiles
1120 1399 1129 1433 3
1161 1391 1338 1435 quatuor

45 1451 173 1489 antici
202 1451 278 1489 sub
304 1450 484 1489 thoracis
503 1449 665 1504 angulis
685 1449 831 1488 amicis
862 1458 902 1487 et
926 1448 1158 1501 productis,
1189 1448 1334 1503 postici

45 1521 90 1560 in
114 1520 280 1560 fossulis
308 1518 606 1574 pectoralibus,
625 1530 630 1533 '
649 1517 697 1556 ad
723 1517 960 1557 abdominis
982 1519 1099 1557 basin
1134 1518 1311 1557 inferam
1326 1546 1337 1566 ,

51 1588 256 1627 latitandi.

100 1669 256 1719 Corpus
282 1667 422 1715 breve,
453 1666 665 1718 superficie
695 1665 813 1704 valde
834 1664 1045 1718 inaequali,
1076 1663 1338 1703 scaberrima.

49 1737 210 1774 Thorax
243 1736 417 1789 gibbus,
447 1734 610 1788 angulis
635 1734 782 1773 amicis
800 1734 944 1772 subtus
972 1733 1094 1785 longe
1122 1730 1336 1784 productis

44 1814 82 1845 et
125 1805 300 1844 inflexis.
337 1807 486 1858 Elytra
526 1804 712 1857 margine
752 1812 919 1842 externo
961 1803 1147 1849 sinuato,
1183 1799 1334 1853 angulo

44 1882 212 1912 externo
240 1874 380 1912 baseos
410 1872 581 1911 dilatato
611 1886 680 1911 seu
710 1872 871 1911 inferne
897 1872 1110 1925 producto.

91 1981 216 2014 Genus
235 1981 278 2013 ab
304 1981 527 2013 observatore
554 1981 689 2012 eximio
716 1986 752 2012 et
772 1980 1081 2024 scrupulosissimo
1107 1978 1308 2011 stabilitum
1330 1993 1339 2020 3

47 2044 130 2076 vide
153 2055 241 2087 opus
262 2057 269 2075 ·.
299 2045 396 2077 Neve
419 2045 597 2089 Beytrage
618 2055 684 2075 zur
705 2044 993 2081 insectenkunde,
1023 2043 1190 2088 Leipzig,
1222 2043 1305 2074 1801
1329 2066 1338 2081 ,

40 2120 83 2153 p.
114 2118 190 2140 122.
214 2108 354 2151 Species
379 2119 501 2139 omnes
524 2107 692 2139 exolicae:
722 2108 869 2150 clythrae
894 2107 1050 2139 Fabricii
1077 2121 1085 2140 :
1111 2112 1332 2144 monstrosa,

40 2168 208 2214 plicata,
235 2170 380 2216 gibber,
406 2171 583 2210 cristata,
610 2169 858 2215 chlamydibus
878 2169 1122 2215 adjungendae.

94 2284 329 2325 CCCXXV.
358 2287 511 2326 GENUS·
545 2287 780 2325 CLYTHRA.
814 2288 981 2340 Clytlzre.

101 2353 270 2406 Clytlzra
291 2386 304 2402 ,
347 2358 553 2402 Lama,
596 2359 736 2403 ΕΛΚ,
785 2358 916 2395 OLIV.
961 2379 1013 2385 ——-
1049 2355 1334 2408 Clzrysonzela,

45 2421 215 2468 szar„
247 2438 306 2462 DE
339 2425 475 2463 GEER.
507 2449 561 2454 —
589 2428 848 2465 Melolontlza
863 2456 877 2473 ,
908 2427 1157 2465 GEoszoz.

96 2499 298 2540 Antennoe
329 2514 510 2555 serrata),
550 2520 709 2559 semper
737 2516 902 2548 exsertae
929 2517 999 2548 aut
1029 2507 1073 2546 in
1105 2506 1209 2546 rima
1245 2517 1336 2558 spe-
