1621 2960
297 205 367 260 68
578 209 828 264 Insecta.
865 210 1250 266 Pterodicera.

344 311 439 343 Vere
459 311 576 355 primo
590 338 598 353 ,
624 313 662 345 in
687 314 785 355 sylva
802 339 811 355 ‚
839 315 947 357 vulgo
970 315 1065 348 dicta
1085 318 1173 350 Bois
1199 318 1240 350 de
1258 315 1442 362 Boulogne
1456 341 1466 358 ,
1483 317 1583 350 Pari-

298 374 358 406 siis
381 376 562 418 reperitur
589 376 771 419 Agathidii
797 378 928 420 species
948 379 990 410 A.
1004 379 1154 424 globoso
1180 379 1253 412 fere
1273 379 1420 420 similis,
1446 385 1481 412 at
1506 390 1586 412 cor-

299 449 382 481 pore
412 445 488 471 atro
504 465 513 479 ‚
535 445 775 473 antennarum
795 442 890 483 basi,
919 443 1021 475 tibiis
1041 445 1215 487 tartisque
1241 445 1339 477 rufis.
1360 444 1433 476 Sub
1454 443 1587 487 plantis

306 500 462 542 putridis
499 500 677 533 insectum
714 502 1003 536 minutissimum
1032 505 1218 538 observavi
1245 505 1436 550 phalacris
1460 505 1590 537 habitu

301 569 335 593 at
363 563 466 594 tarsis
493 564 695 608 agathidiis
722 565 863 603 simile,
890 566 1097 609 prioribus,
1123 569 1167 601 ad
1184 569 1339 602 ulterius
1359 579 1510 602 examen
1529 579 1591 600 us-

301 638 370 670 que
388 653 396 668 ‚
425 628 710 660 inscribendum.

302 735 362 771 II.
393 735 524 785 Palpi
549 750 682 773 omnes
711 739 885 787 capitati
893 753 908 783 ‚·
931 738 1169 776 maxillares
1197 742 1376 777 omnium
1397 747 1435 777 et
1454 738 1592 776 labia-

356 806 414 842 les
446 806 488 841 in
511 806 726 856 plurimis,
752 809 924 847 articulo
951 810 1094 847 ultimo
1122 812 1319 855 maximo,
1347 818 1594 858 transverso,

356 889 598 924 compresso,
627 876 766 914 lunato
789 886 862 914 aut
888 880 930 915 in
958 888 1205 931 segmentum
1228 880 1371 917 circuli
1394 879 1567 930 diposito
1580 893 1598 924 ;

359 947 543 996 margine
572 961 714 997 supero
751 948 882 1004 hujus*
905 951 1098 1001 segmenti
1138 950 1330 987 chordam
1371 949 1562 1001 referente
1579 962 1597 993 ‚⁴

360 1022 538 1052 mentum
578 1016 897 1067 subquadratum
918 1047 931 1063 ,
970 1021 1086 1070 apice
1124 1019 1417 1056 subtr-identato
1436 1033 1454 1064 ;
1480 1018 1600 1070 facie

360 1083 498 1119 antica
542 1085 732 1134 triquetra
751 1114 765 1129 ,
808 1087 850 1121 in
891 1085 1019 1122 medio
1068 1087 1350 1137 longitrorsum
1380 1086 1567 1122 carinam
1582 1098 1599 1129 ,·

361 1150 519 1188 labium
545 1155 787 1198 coriae-eum,
812 1162 940 1192 mento
960 1156 1090 1205 paulo
1117 1156 1358 1207 angustius,
1379 1153 1498 1204 triplo
1509 1153 1602 1204 sere

363 1221 520 1259 brevius
533 1250 545 1266 ,
579 1221 899 1273 subquadratum
916 1239 931 1269 ;
966 1226 1164 1275 marginis
1190 1225 1325 1276 superi
1351 1222 1481 1260 medio
1493 1223 1601 1273 fisso

362 1296 436 1326 aut
462 1291 711 1340 emarginato
723 1305 741 1336 ;
775 1291 931 1328 lacinia
959 1299 1136 1337 exserta,
1167 1291 1300 1339 brevi,
1329 1290 1387 1327 acl
1403 1290 1603 1341 angulum

361 1370 550 1406 superum
579 1358 797 1408 singulum.

361 1449 375 1501 (
393 1451 548 1501 Cotym-5
576 1449 936 1503 hemisphaericum
960 1460 1030 1490 aut
1049 1460 1218 1491 ovatum
1236 1451 1302 1490 vel
1329 1450 1467 1497 ovale,
1484 1450 1605 1489 dorso

311 1534 522 1568 convexo,
551 1520 597 1558 in
626 1520 820 1573 plurimis
849 1521 968 1561 valde
992 1521 1159 1561 elevato.
1190 1523 1350 1561 Thorax
1365 1519 1607 1575 planiuscu-

309 1590 376 1629 lus
404 1599 472 1629 aut
499 1605 646 1644 parum
674 1604 900 1639 convexus,
927 1592 1112 1645 margine
1142 1592 1299 1646 postico
1333 1605 1433 1644 saepe
1465 1589 1607 1630 sublo-

310 1662 420 1700 bato.
455 1664 573 1700 Tarsi
602 1676 744 1701 omnes
776 1662 948 1701 articulo
973 1661 1208 1716 penultimo
1233 1661 1404 1714 bifido.)

361 1767 687 1798 OBSERVATloNEs.
707 1766 892 1797 Antennae
914 1765 1069 1797 articulo
1094 1765 1202 1797 tertio
1229 1765 1392 1808 elongato
1407 1788 1416 1805 ‚
1446 1764 1605 1807 capitulo

314 1829 482 1861 distincte
508 1825 695 1871 perfoliato
710 1850 719 1866 ‚
744 1837 788 1857 ex
820 1826 983 1858 articulis
1012 1826 1127 1858 tribus
1149 1832 1212 1857 aut
1235 1827 1299 1858 vix
1330 1831 1486 1869 quatuor
1508 1836 1608 1857 com-

310 1893 440 1937 posito.
460 1889 692 1924 Mandihulae
713 1889 912 1921 latiusculae
933 1904 942 1930 3
966 1889 1075 1921 latere
1101 1896 1253 1922 externo
1280 1890 1385 1933 gibbo
1412 1896 1474 1922 aut
1503 1889 1607 1922 valde

313 1961 459 1989 arcuato
473 1979 484 1994 ,
503 1953 672 1996 angulato
688 1958 750 1984 aut
765 1952 925 1985 carinam
940 1966 948 1993 3
961 1951 1060 1995 apice
1070 1952 1334 1984 subtridentato
1348 1952 1475 1993 3dente
1488 1951 1608 1983 medio

312 2021 500 2054 validiore.
528 2019 644 2064 Palpi
666 2018 814 2051 labiales
833 2017 987 2049 articulo
1015 2016 1147 2048 ultimo
1183 2015 1521 2048 dimidiato-lunato
1545 2020 1607 2046 aut

319 2086 521 2128 obtrigonO.
538 2082 711 2117 Malelae
727 2093 888 2126 processu
902 2087 1065 2122 externo,
1084 2081 1310 2121 brevissimo,
1330 2079 1607 2122 subobtrigon03

314 2147 476 2190 margine
500 2157 629 2190 supero
658 2145 786 2185 latiore
806 2170 815 2187 ‚
845 2151 951 2176 extus
982 2143 1244 2176 subrotundato
1266 2167 1275 2183 ,
1309 2142 1450 2174 hirsuto
1471 2156 1479 2183 3
1497 2141 1608 2174 latere

313 2209 459 2242 interno
488 2209 688 2241 introrsum
722 2213 892 2249 arcuato,
922 2207 961 2239 in
993 2206 1168 2249 angulum
1201 2205 1392 2236 dentemve
1429 2210 1609 2245 exeunte3

315 2284 478 2318 processu
502 2273 648 2304 interno
669 2271 744 2304 illis
766 2271 1039 2304 membranaceo
1054 2295 1063 2311 ‚
1082 2269 1238 2302 minimo
1250 2293 1260 2311 ‚
1279 2268 1492 2301 dentiformi
1505 2293 1514 2309 ,
1531 2279 1608 2300 un-

314 2348 382 2380 gue
404 2347 512 2380 parvo
537 2336 733 2369 terminato
752 2350 760 2379 3
777 2336 832 2368 his
857 2345 986 2367 corneo
1003 2359 1014 2378 ‚
1041 2332 1291 2376 unguiformi,
1311 2331 1537 2375 inaequaliter
1562 2331 1607 2363 ad

317 2400 455 2444 apicem
475 2399 675 2432 bidentato.
