1621 2960
242 214 340 250 102
533 201 784 256 Insecta.
830 204 1217 262 Pterodicera.

458 357 850 399 FAMILIA
921 361 1294 411 QUARTA.

540 475 827 509 ACRYDII.
864 480 1200 513 ACRYDIENS.

280 587 604 625 OBSERVATIONES.
630 593 814 627 Antennoe
838 593 1022 627 filiformes
1047 602 1108 628 aut
1123 597 1331 630 subsetaceae
1351 597 1409 629 vel
1427 597 1520 641 pris—-

234 654 612 697 matieo-ensiformes,
638 656 678 688 in
700 658 887 690 nonnullis
907 665 1110 692 extrorsum
1128 662 1330 702 crassiores,
1356 661 1522 705 subcapi—

234 722 337 755 tatae,
369 718 525 751 thoracis
542 721 743 763 corporisve
764 721 910 754 dimidii
934 723 1162 767 longitudine
1176 749 1184 765 ,
1214 725 1377 757 articulis
1393 736 1413 757 a
1431 725 1521 757 duo-

235 778 352 811 decim
377 781 595 815 tredecimve
609 783 654 815 ad
676 784 808 827 viginti
833 785 1010 828 quinque.
1038 785 1196 818 Labrum
1220 787 1343 829 saepius
1366 787 1523 829 emargi-

235 848 373 875 natum.
400 845 629 880 Mandibaloe
659 847 948 881 multi-dentatae.
969 848 1085 894 Palpz’
1109 848 1262 881 articulo
1280 848 1412 881 ultimo
1439 849 1523 880 sub-

235 908 417 942 obconico.
442 911 618 946 Maxillae
644 915 742 957 apice
765 914 977 947 tridentatae.

281 971 444 1005 Habitus
463 974 703 1015 locustarum,
731 983 766 1009 at
790 988 917 1020 corpus
940 978 1108 1019 crassius,
1134 978 1284 1021 pedibus
1309 978 1523 1011 robustiori-

234 1033 324 1075 bus,
356 1033 527 1080 (posticis
555 1038 776 1085 praesertim)
811 1040 1062 1081 brevioribus,
1100 1040 1144 1072 ad
1177 1041 1380 1073 saltandum
1413 1040 1523 1083 magis

234 1097 396 1141 idonei53
419 1107 574 1142 quatuor
604 1103 823 1146 posticorum
855 1104 997 1147 singulo
1023 1105 1065 1135 ab
1097 1104 1257 1147 ejusdem
1292 1104 1387 1147 paris
1412 1104 1524 1136 altero

235 1162 428 1196 intervallo
449 1176 577 1209 magno
601 1167 755 1200 distante
778 1166 945 1212 (pectore
969 1168 1038 1200 late
1066 1173 1100 1199 el
1118 1167 1323 1210 quadratim
1341 1167 1522 1211 extenso)

238 1225 355 1257 Ocelli
373 1233 444 1259 tres
467 1228 651 1271 distincti,
678 1229 850 1262 frontales
871 1241 933 1273 per
955 1230 1180 1273 triangulum
1199 1230 1382 1273 dispositi3
1403 1240 1448 1260 ex
1466 1229 1522 1261 his

235 1299 310 1320 uno
324 1290 539 1335 plerumque
560 1293 739 1334 solitario,
767 1286 883 1326 infero
896 1318 905 1334 ,
922 1293 1049 1325 carinae
1062 1293 1203 1325 sulculo
1229 1299 1263 1325 et
1284 1293 1381 1325 inter
1397 1298 1524 1324 anten-

235 1363 298 1385 nas
324 1353 458 1386 inserto
484 1370 493 1397 ;
516 1357 656 1389 duobus
684 1357 766 1389 aliis
793 1363 1035 1389 antennarum
1062 1357 1299 1390 insertionem
1325 1368 1454 1400 supra,
1481 1356 1524 1388 ad

234 1418 424 1450 oculorum
450 1420 650 1463 marginem
675 1421 876 1454 internum.
897 1421 1029 1465 Εζγῖνα
1052 1420 1092 1452 in
1116 1426 1271 1464 utroque
1296 1431 1384 1452 sexu
1407 1419 1526 1452 consi-

235 1481 361 1523 milia3
387 1483 558 1526 masculi,
583 1484 653 1517 alas
667 1484 767 1518 tibiis
783 1485 925 1529 posticis
939 1484 1101 1517 fricando
1122 1484 1276 1517 strident
1289 1508 1298 1526 ,
1318 1489 1352 1515 et
1373 1482 1524 1515 feminas

237 1543 417 1578 alliciunt.

234 1661 272 1698 I.
307 1660 364 1698 Os
395 1661 591 1699 detectum
605 1678 621 1709 ;
646 1671 835 1701 antennoe
864 1665 1048 1702 articulis
1073 1678 1100 1701 a
1127 1663 1263 1701 decem
1292 1669 1331 1699 et
1356 1669 1438 1699 octo
1472 1661 1532 1698 acl

287 1732 439 1782 viginti
464 1740 635 1783 quatuor
647 1748 664 1779 ;
690 1734 814 1784 galea
832 1748 1003 1786 magna,
1032 1734 1319 1785 sabobtrigona
1342 1732 1408 1769 vel
1431 1731 1528 1769 sab-

289 1807 410 1837 ovata
422 1815 440 1847 ;
483 1801 638 1839 labium
667 1803 869 1853 bifidam,
911 1805 1155 1841 laciniaram
1183 1802 1353 1840 articulo
1386 1802 1528 1838 ultimo

288 1877 513 1908 transverso
527 1886 544 1918 ,·
559 1879 757 1910 tarsoram
772 1874 968 1911 articulus
986 1874 1151 1911 ultimus
1170 1871 1394 1924 appendice
1410 1886 1528 1908 mem-

289 1938 511 1985 branacea,
538 1940 781 1987 rotundam,
810 1943 915 1980 inter
947 1955 1099 1994 ungues
1124 1943 1342 1991 intmjecta.

286 2063 496 2103 CCCLVI.
526 2065 684 2104 GENus.
714 2070 999 2104 PNEUMORA.
1027 2068 1263 2104 Pnezemore.

288 2136 540 2180 Pneumora,
580 2137 761 2173 THUNB.
780 2159 832 2164 —
853 2137 1022 2189 Gryllus
1056 2136 1070 2188 (
1087 2132 1292 2185 Locusta)
1310 2163 1322 2179 ,
1356 2135 1498 2173 LINN.
1516 2164 1529 2181 ,

236 2203 348 2240 ΓΑΒ.
383 2225 435 2230 -
466 2202 716 2255 Aetydium,
745 2218 806 2242 DE
833 2205 988 2249 GEER,
1024 2205 1239 2242 OLIVIER.

288 2272 494 2311 Antennae
522 2272 736 2313 filiformes
757 2274 958 2326 (articulis
989 2289 1011 2313 a
1035 2274 1238 2314 sexdecim
1265 2272 1314 2311 ad
1334 2272 1523 2325 viginti).

236 2343 372 2380 Pedes
407 2356 549 2381 omnes
584 2358 755 2398 corpore
794 2345 1014 2384 breviores.
1054 2345 1182 2383 ocelli
1220 2344 1494 2398 approximati
1517 2373 1528 2392 ‚

238 2411 348 2450 inter
368 2425 408 2450 se
437 2412 626 2466 subaeque
645 2413 793 2454 dissiti.
828 2415 1042 2455 Abdomen
1068 2415 1211 2470 saepius
1230 2412 1504 2455 vesiculosum
1516 2442 1529 2463 ,

238 2488 285 2519 ut
318 2494 517 2530 vacuum,
545 2480 752 2521 inflatum.
