1621 2960
220 179 325 232 226
505 179 756 234 Insecta.
786 175 1173 231 Pterodicera.

212 286 354 323 Lzmv.
369 314 380 329 ‚
408 298 468 323 DE
487 285 640 329 szn,
668 285 698 322 J
699 295 827 321 URIN.
841 310 852 326 ,
883 284 1030 321 PANZ.
1058 302 1109 311 --
1129 282 1301 326 Cmbro,
1331 281 1500 320 GEOFE.

213 375 266 384 --
302 355 569 398 Clavellaria‚
597 355 845 390 LAMARCK.

260 424 467 462 Antennoe
483 422 670 472 (breves)
687 419 870 469 clavatae3
901 421 1087 460 articulis
1107 421 1315 460 distinctis
1332 434 1354 458 a
1373 419 1499 473 quin-

207 507 287 547 que
313 492 363 530 ad
394 501 567 544 septem,
613 490 732 527 tertio
759 489 1001 542 longissimo
1028 508 1038 542 3
1073 491 1185 530 clava
1223 490 1500 530 subobconiea

207 572 276 601 aut
303 563 477 601 obovata
494 591 504 609 ,
534 559 584 598 ad
615 560 774 614 apicem
802 561 1031 599 rotundam.

252 667 575 698 OBSERVATIONES.
595 663 753 696 Labrum
770 663 894 706 saepius
918 675 1082 707 parvum.
1107 664 1256 709 Clypeus
1278 665 1493 708 plerumque

202 727 319 760 antice
342 726 598 769 emarginatuS.
629 724 863 758 llIandibuloe
889 725 1038 764 validae,
1062 731 1172 756 acutae
1187 750 1195 764 ‚
1216 726 1324 760 latere
1350 725 1493 758 interno

200 791 318 823 valide
343 796 378 822 et
406 795 509 821 acute
536 788 736 820 bidentato.
762 787 879 831 Palpo·
903 788 1109 819 maxillares
1128 787 1331 829 filiformes,
1348 789 1492 820 labiali-

201 854 267 886 bus
287 865 359 886 non
375 853 491 885 mulio
511 851 689 895 longiores
707 877 716 892 ‚
746 851 904 883 maxillis
933 851 1113 882 breviores
1139 857 1200 883 aut
1225 851 1286 883 vix
1305 852 1490 894 longiores.

198 920 351 950 Femora
377 917 511 961 postica
536 916 575 947 in
602 915 769 947 masculis
782 914 907 957 saepius
923 914 1124 946 incrassata.
1140 914 1226 947 Aloe
1240 926 1373 957 superae
1386 925 1492 946 anas-

199 981 328 1013 tomos-'1
350 981 397 1025 (1)
426 979 542 1023 prima
568 985 602 1010 et
630 985 828 1010 transversa
855 978 924 1009 lale
953 984 1098 1010 arcuata
1117 1003 1125 1018 ,
1153 978 1318 1010 subrecta
1342 984 1378 1010 et
1402 990 1490 1011 cru-

239 1144 289 1189 (1)
313 1143 438 1176 Friseh
457 1169 465 1183 ,
487 1143 615 1175 Harris
633 1168 640 1182 ‚
663 1142 801 1186 Kirby,
824 1149 889 1174 etc.
902 1168 910 1184 ‚
930 1142 1071 1174 alarum
1095 1141 1386 1173 reticulationem
1405 1141 1487 1173 cha-

196 1214 350 1240 racteres
373 1207 555 1251 generioos
576 1213 611 1239 et
631 1207 862 1240 secundarios
884 1207 1053 1239 exhibere
1072 1207 1308 1238 observarunt
1327 1222 1335 1249 3
1360 1212 1395 1237 at
1413 1217 1489 1238 me·—

196 1271 349 1304 thodum
373 1271 554 1314 propriam
572 1295 581 1312 ‚
605 1271 662 1303 his
683 1272 777 1303 notis
800 1271 966 1303 innixam
981 1296 989 1311 ,
1012 1270 1171 1314 primum
1201 1270 1363 1302 condidit
1394 1270 1489 1302 cele-

195 1332 379 1364 berrimus
393 1333 520 1364 Jurine
539 1346 547 1374 3
566 1332 669 1364 illius
700 1338 820 1364 tamen
851 1332 893 1363 de
921 1332 1181 1376 hymenopteris
1207 1343 1294 1374 opus
1322 1331 1487 1363 nondum

198 1395 237 1426 in
274 1396 392 1427 lucem
422 1395 573 1427 editum.
603 1397 944 1440 Hymenopterorum
976 1395 1036 1426 alae
1069 1395 1268 1438 superiores
1299 1396 1486 1439 magisque

197 1456 394 1488 reticulaiae
410 1481 419 1498 ‚
455 1456 493 1488 in
520 1462 586 1488 tres
612 1467 708 1488 areas
728 1462 944 1488 transversas
970 1456 1087 1487 dividi
1107 1462 1277 1499 possunt;
1308 1456 1350 1488 1⁰.
1373 1456 1487 1492 basis,

195 1522 246 1555 2⁰.
284 1522 434 1554 medium
450 1546 458 1562 ,
501 1520 549 1554 5⁰.
589 1533 691 1565 apex.
739 1521 784 1553 1⁰.
823 1521 931 1553 Basis
963 1521 1006 1552 ab
1034 1521 1096 1551 alae
1126 1520 1265 1563 origine
1294 1520 1425 1565 incipit
1449 1526 1486 1552 et

194 1597 307 1629 usque
341 1586 383 1617 ad
413 1585 568 1628 primam
597 1585 848 1617 anastomosiin
875 1591 1110 1616 transversam
1137 1584 1211 1615 sixe
1234 1585 1337 1616 nerii
1366 1584 1484 1628 longi-

192 1648 367 1681 tudinalis
392 1654 426 1680 et
456 1654 555 1680 costae
586 1649 696 1691 magis
723 1648 879 1691 proximi
907 1647 1065 1679 ramulos
1089 1647 1160 1678 duo
1193 1647 1326 1690 primos
1343 1672 1352 1688 ,
1377 1647 1483 1690 paulo

192 1718 398 1754 antequam
419 1722 552 1742 nervus
577 1711 742 1742 internus
769 1716 869 1742 coslae
894 1710 1085 1753 adjunctus
1113 1715 1312 1741 coarctetur
1332 1715 1365 1740 et
1389 1709 1481 1740 dila-

190 1781 287 1806 tatus
301 1775 464 1816 stigmate
478 1780 656 1817 punctove
670 1773 840 1806 crassiore
861 1771 1127 1818 (anastomosis
1139 1796 1150 1809 ‚
1171 1771 1282 1812 Kirby
1300 1772 1311 1816 )
1328 1772 1478 1813 desinat,

191 1837 415 1882 protrahitur
431 1851 439 1878 3
454 1837 573 1869 nervis
590 1837 730 1868 duobus
748 1837 910 1869 tribusve
927 1836 963 1868 in
982 1836 1129 1868 totidem
1151 1835 1284 1866 areolas
1301 1835 1480 1878 elongalas

187 1899 368 1932 dividitur
398 1898 610 1941 plerumque
635 1913 643 1940 5
673 1898 903 1930 anastomosis
929 1909 1036 1941 supra
1068 1897 1163 1928 dicia
1191 1908 1387 1929 nervorum
1414 1898 1480 1929 ho-

186 1972 270 1994 rum
289 1961 399 2004 primi
413 1961 487 1992 sive
509 1961 619 2003 magis
637 1961 777 1992 externi
798 1960 948 1992 ramulis
962 1960 1102 1992 duobus
1116 1959 1298 1991 efformari
1319 1960 1474 1992 videtur.

185 2024 234 2056 2⁰.
263 2024 423 2056 Illedium
447 2023 548 2055 basin
573 2023 806 2066 subsequitur
823 2048 832 2064 ,
854 2023 964 2054 limbo
983 2023 1116 2066 postico
1132 2048 1141 2064 ‚
1160 2033 1241 2054 neri
1256 2023 1282 2054 is
1302 2022 1474 2055 destituto

183 2094 243 2120 aut
266 2088 391 2120 saltem
410 2098 483 2119 non
510 2087 701 2120 reticulato
721 2113 729 2128 ‚
752 2088 967 2129 delinitum3
991 2088 1052 2119 alae
1080 2087 1144 2118 hoc
1173 2087 1328 2135 spatiuln
1347 2087 1472 2118 areolae

181 2152 219 2184 in
241 2153 374 2194 triplici
392 2152 519 2184 ordine
535 2163 598 2196 per
617 2153 729 2184 lineas
746 2152 1027 2195 longitudinales
1044 2158 1078 2183 et
1105 2151 1268 2193 obliquas
1296 2150 1472 2193 dispositae

178 2224 373 2260 occupant3
392 2228 521 2249 nervos
534 2218 619 2257 duo,
633 2217 788 2249 limbum
806 2217 983 2260 posticum
1003 2226 1125 2247 versus
1144 2214 1347 2257 productos,
1362 2215 1471 2246 emit-

175 2283 347 2324 titcosta3
363 2294 457 2314 unus
471 2294 489 2313 e
504 2283 666 2325 stigmate
681 2282 861 2325 prodiens,
876 2281 911 2313 in
928 2281 1127 2323 marginem
1141 2285 1346 2319 externum,
1363 2279 1469 2323 paulo

172 2354 253 2382 ante
267 2347 376 2390 apicis
388 2347 563 2389 angulum
582 2372 591 2388 ‚
611 2346 844 2392 immergitur
860 2361 867 2387 3
900 2346 971 2377 haec
986 2346 1186 2377 areolarum
1204 2345 1319 2388 prima
1335 2345 1466 2376 series:

172 2410 278 2442 nobis
296 2409 428 2441 areoloe
446 2409 666 2455 marginales
681 2424 693 2450 ,·
711 2420 845 2441 nervus
860 2409 950 2440 aller
965 2421 982 2440 e
997 2414 1089 2440 cosla
1110 2408 1217 2439 eliam
1234 2419 1319 2451 saepe
1337 2406 1468 2450 oritur,

167 2475 230 2507 alae
255 2474 365 2518 apicis
391 2473 554 2505 medium
581 2485 703 2506 versus
734 2473 869 2513 tendit,
898 2473 1076 2516 solitarie,
1110 2472 1240 2505 areolis
1265 2470 1466 2510 conclusis,
