1621 2960
156 173 294 230 Ord.
319 175 439 231 IV
463 176 640 229 Fam.
663 175 769 231 IV
773 218 814 240 .,
841 175 1243 232 I-Iemerobimj.
1289 180 1392 235 205

107 279 184 312 latae
199 306 207 321 ‚
224 280 495 314 horizontaliter
510 281 696 314 abdomini
714 281 977 313 incumbentes.
995 281 1183 314 Abdomen
1208 282 1395 326 elongato-

106 345 323 387 quadratum
338 371 348 388 ‚
366 357 474 389 supra
497 346 647 390 planum
663 372 671 388 ‚
698 346 830 389 postice
853 346 1087 379 rotundatum
1119 352 1181 378 aut
1210 352 1394 388 retusum,

106 409 297 451 segmentis
316 409 679 442 lineari-transversis
697 425 705 452 3
725 411 920 454 appendice
937 411 1169 452 brevissima,
1186 411 1396 454 stylisormi,

107 475 230 506 conica
246 500 255 516 ‚
286 474 514 506 biarticulata
530 500 539 515 ‚
564 485 608 506 ex
637 480 792 517 utroque
816 474 927 506 latere
944 500 952 515 ,
975 485 1086 507 anum
1113 486 1249 508 versus.
1282 477 1397 509 Pedes

107 538 257 578 breves3
274 537 376 570 tibiis
389 538 619 580 cylindricis,
638 538 829 581 elongatis,
846 538 1040 581 gracilibus
1056 564 1065 581 3
1086 538 1241 582 spinulis
1257 539 1397 572 duabus

109 603 267 634 tribusve
291 602 334 634 ad
362 603 513 646 apicem.

152 667 299 699 Insecta
318 670 390 709 'per
419 666 598 708 myriades
624 666 785 698 infinitas
815 666 998 698 societates
1023 667 1188 698 ineuntia
1207 692 1216 708 ‚
1243 666 1371 698 Africae
1387 692 1396 708 ‚

105 729 296 762 Indiarum
311 742 452 763 summa
469 731 650 763 calamitas
666 757 674 771 ‚
699 730 932 763 formicarum
950 731 1255 763 destructionibus
1273 730 1397 763 omni-

109 791 226 823 modis
240 791 475 823 aemulatores.

155 865 241 896 Mas
265 868 299 894 et
317 861 462 908 femina
486 863 592 904 alati,
621 862 1000 906 similes3posterioris
1018 864 1133 896 solum
1149 890 1158 906 3
1184 865 1397 907 gravitatio-

108 927 165 958 nis
188 932 364 970 tempore,
384 927 559 959 abdomen
577 937 729 958 ovorum
746 936 898 958 numero
919 926 1120 958 maximum
1133 952 1142 968 ,
1160 928 1264 959 valde
1282 929 1397 972 turgi-

109 990 220 1031 dum3
245 990 307 1022 alae
335 989 503 1021 deciduae.

154 1055 288 1085 Larvoe
319 1059 446 1096 apterae
466 1074 474 1090 ,
499 1052 651 1096 imagini
674 1052 745 1085 fere
772 1053 908 1085 similes
928 1079 936 1094 ‚
962 1054 1077 1097 capite
1101 1054 1237 1097 majore
1255 1078 1264 1094 ⁷
1287 1054 1399 1085 oculis

109 1115 302 1158 ocellisque
334 1115 549 1158 plerumque
573 1116 687 1147 nullis
714 1122 775 1147 aut
806 1116 998 1157 obsoletis;
1030 1116 1173 1147 thorace
1205 1116 1396 1159 segmentis

108 1177 226 1209 tribus
255 1177 365 1209 nudis
383 1192 391 1219 3
412 1189 559 1221 corpore
584 1177 744 1210 molliori
765 1193 772 1219 3
800 1178 852 1210 hae
877 1179 955 1210 solae
985 1179 1176 1222 operariae,
1198 1178 1397 1210 habitatio-

106 1251 169 1272 nes
183 1246 245 1272 aut
262 1241 368 1272 nidos
384 1240 499 1273 forma
522 1241 639 1275 varios
655 1267 663 1283 ‚
691 1242 833 1274 conicos
849 1269 857 1285 3
882 1243 1032 1275 turritos
1053 1268 1062 1284 ‚
1090 1242 1307 1284 cylindricos
1335 1253 1397 1274 ca-

106 1303 294 1347 pituloque
321 1310 460 1348 opertos
476 1331 485 1346 ,
506 1305 665 1348 globosos
679 1331 688 1347 3
708 1306 805 1337 intus
834 1306 1003 1338 daedaleos
1018 1332 1026 1347 3
1053 1318 1097 1338 ex
1127 1318 1233 1338 arena
1251 1332 1260 1348 ,
1288 1316 1396 1349 vege-

106 1368 275 1401 tabilium
292 1395 300 1410 3
331 1370 609 1402 domesticarum
634 1370 913 1414 supellectilium
943 1371 1131 1403 moleculis
1155 1370 1397 1414 agglutinatis,

105 1436 307 1474 struentes3
331 1433 370 1465 in
399 1439 521 1476 operto
547 1445 685 1476 semper
710 1434 933 1476 laborantes,
959 1434 1146 1466 cuniculos
1169 1446 1232 1477 pro
1255 1435 1325 1466 viis
1353 1434 1396 1466 ad

109 1494 372 1529 habitationem
409 1497 626 1529 ducentibus
671 1504 812 1541 agentes
840 1524 848 1540 3
897 1510 1089 1542 corporum
1129 1500 1395 1532 destructorum

104 1559 291 1601 superficie
305 1561 378 1591 sola
392 1561 535 1603 relicta,
553 1562 703 1604 proinde
718 1563 829 1605 magis
844 1563 1052 1607 perniciosae
1064 1578 1072 1604 3
1086 1563 1216 1595 sobolis
1234 1574 1398 1607 procrea—

106 1622 245 1654 tionem
275 1629 311 1655 et
333 1634 399 1654 ova
426 1631 566 1656 curant.

154 1694 272 1736 Pupoe
304 1692 413 1725 larvis
441 1695 598 1736 similes,
624 1702 659 1727 at
686 1697 811 1738 elytris
840 1698 976 1741 alisque
1007 1699 1218 1731 dimidiatis.

156 1763 329 1794 Neutrum
344 1763 356 1806 (
370 1765 485 1807 Pupoe
501 1764 686 1805 Fabricii)
703 1766 812 1798 larvis
825 1767 983 1800 formum
995 1770 1218 1811 proximum,
1237 1776 1272 1802 at
1283 1771 1396 1813 capite

104 1823 179 1856 fere
213 1824 323 1868 duplo
348 1826 508 1868 longiore
525 1852 533 1867 ,
557 1828 826 1869 subcylindrico
857 1831 915 1862 vel
945 1832 1257 1874 elongato-ovato3
1291 1844 1397 1864 man—

105 1884 242 1917 dibulis
265 1887 399 1929 pariter
415 1888 532 1919 multo
547 1889 792 1932 longioribus,
811 1891 853 1922 ad
870 1893 1006 1935 apicem
1020 1893 1398 1936 elongato-uncinatis,

106 1950 221 1982 acutis
233 1975 241 1991 3
262 1951 432 1983 cruciatis
453 1966 461 1993 3
487 1952 599 1984 latere
619 1953 784 1995 interno,
803 1955 990 1990 bidentato
1006 1971 1013 1999 3
1030 1957 1198 1989 dentibus
1213 1959 1396 1997 brevibus,

101 2012 183 2045 latis
200 2039 209 2055 ,
234 2015 410 2046 truncatis
431 2023 493 2048 aut
511 2016 649 2049 obtusis
665 2043 674 2059 3
700 2019 1009 2063 subemarginatis.

153 2085 338 2118 Societatis
359 2086 419 2118 hic
439 2088 526 2120 ordo
543 2089 727 2122 larvarum
756 2091 830 2123 sive
858 2094 1105 2135 operariorum
1131 2095 1258 2127 ordine
1276 2096 1398 2128 minus

107 2147 300 2182 admodum
327 2152 489 2194 copiosus
514 2167 523 2195 3
552 2155 714 2187 militant,
740 2162 884 2190 tantum
911 2164 946 2189 et
971 2159 1131 2201 periculo
1155 2159 1372 2193 imminente
1388 2187 1396 2202 ‚

106 2211 223 2254 primo
250 2222 449 2247 occurrunt
465 2241 474 2258 ‚
506 2217 645 2250 hostem
662 2219 885 2252 mandibulis
904 2221 1073 2253 sorficatis
1099 2230 1265 2266 pungunt
1287 2231 1321 2256 et
1348 2225 1396 2257 sic

102 2273 280 2309 familiam
308 2280 405 2311 tueri
434 2287 622 2314 conantur.
650 2283 702 2314 De
734 2284 895 2316 Termite
923 2285 1082 2331 lucfizgo
1112 2287 1269 2329 plurima
1299 2288 1392 2330 vidi3

102 2336 323 2371 insectorum
359 2341 508 2376 illorum
554 2347 754 2379 oeconomia
800 2359 872 2380 non
912 2355 1031 2380 tamen
1075 2351 1158 2382 satis
1200 2351 1395 2394 explorata.

104 2400 221 2442 Pupae
258 2412 348 2434 rerae
380 2415 399 2435 a
439 2407 543 2438 nullo
573 2409 794 2451 observatae3
825 2422 893 2443 nec
927 2412 1026 2445 enim
1063 2413 1112 2444 ita
1143 2414 1217 2445 dici
1250 2419 1397 2456 possunt

103 2469 232 2496 neutra
247 2488 257 2508 ‚
275 2476 357 2499 cum
379 2468 422 2500 ab
448 2469 604 2513 imagine
625 2472 781 2516 perfecto
796 2474 922 2517 capitis
936 2474 1050 2508 forma
1074 2482 1145 2509 toto
1159 2477 1247 2509 coelo
1261 2477 1395 2509 distent
