1621 2960
275 188 555 247 OrdJII.
583 182 902 247 Fam.II.,
940 181 1263 238 Cimicicles.
1324 205 1424 259 127

140 296 244 334 culis
273 295 428 341 tribus,·
454 306 594 344 corpus
631 292 958 328 conice-ovatum
976 317 989 333 ,
1032 289 1163 325 antice
1198 297 1432 340 angustato-

142 375 395 404 attenuatum
410 380 428 411 ;
473 364 632 401 thorace
665 359 876 398 subconioo
912 359 977 395 vel
1006 358 1262 410 subtrigono‚
1292 373 1312 394 e
1339 374 1432 411 seg-

143 439 284 475 mentis
323 435 477 474 duobus
510 434 635 472 veluti
652 432 836 484 formato
853 445 869 476 ,·
899 430 1025 480 peiles
1060 431 1221 481 primi,
1265 431 1434 468 secundi

143 508 267 543 etiam
292 506 335 541 in
361 504 568 541 nonnullis
585 532 598 547 ,
642 501 776 539 breves
804 498 1071 551 (quandoque
1107 500 1272 550 raptorii
1294 501 1308 549 )
1325 528 1338 545 ,
1357 499 1433 550 fe-

142 574 316 612 moribus
353 575 595 611 incrassatis
611 587 628 618 ,·
662 571 876 611 multorum
917 570 1028 607 tibiis
1059 577 1232 621 quatuor
1255 571 1433 615 amicis,

136 644 286 693 primis
314 641 478 687 saltem,
508 642 623 692 apice
651 638 775 692 infero
792 639 1026 690 spongioso,
1059 644 1293 683 tomentoso,
1319 652 1435 676 exca-

142 718 254 756 vato,
283 711 326 746 in
349 708 485 747 lobum
509 707 775 746 rotundatum
792 706 866 743 sul>
896 713 1093 742 tarsorum
1110 707 1261 756 origine
1284 709 1436 758 soepius

137 779 345 830 producto.

188 885 324 916 Insecta
349 895 457 927 supra
481 894 589 927 aquas
612 883 670 914 vel
695 882 735 914 in
766 881 919 914 illarum
947 880 1021 913 oris
1042 891 1115 913 non
1140 882 1316 924 vagantia.

145 1013 173 1034 1.
205 1003 336 1045 Corpus
362 999 673 1036 conica-ovatum,
707 1009 778 1030 non
806 995 970 1036 lineare,-
997 1001 1236 1029 antennarum
1261 997 1437 1030 articulus

183 1067 321 1111 primus
345 1063 542 1108 (pedicello
567 1062 720 1109 originis
739 1073 811 1095 non
828 1067 1033 1106 computato
1049 1062 1061 1107 )
1086 1063 1204 1106 capite
1220 1062 1437 1109 thorae-eque

189 1127 390 1171 conjunctis
417 1138 489 1159 non
520 1125 688 1171 longior;
719 1125 827 1170 pedes
856 1125 955 1158 haud
980 1124 1203 1171 longissimi,
1234 1127 1330 1158 coxis
1356 1138 1433 1159 om-

192 1192 289 1223 nium
317 1189 492 1222 brevibus.

192 1300 494 1341 CCCLXVIII.
523 1301 680 1339 GENUs.
709 1302 880 1339 NABIS.
910 1303 1061 1341 Nabis.

199 1371 360 1417 Cimex,
401 1372 576 1416 Lzmv„
626 1384 690 1408 DE
729 1371 873 1409 GEER.
918 1394 971 1400 —-
1011 1373 1250 1421 Recluvius,
1284 1377 1436 1422 Miris,

141 1441 252 1478 FAB.
269 1469 282 1486 ,
312 1440 694 1477 SCHELLENBERG.

192 1509 398 1546 Antennoe
425 1506 571 1561 capitis
602 1506 731 1546 antici
758 1505 957 1546 lateribus
984 1508 1130 1548 mediis
1164 1509 1227 1550 vel
1260 1512 1407 1550 inferis
1425 1543 1436 1561 ‚

142 1590 228 1614 non
260 1589 382 1628 supra
399 1573 553 1614 lineam
570 1575 622 1613 ab
639 1574 771 1614 oculis
797 1575 846 1614 ad
873 1575 995 1615 rostri
1022 1577 1227 1631 originem
1245 1579 1411 1618 ductam
1425 1610 1437 1630 ,

143 1645 314 1682 insertae.
353 1645 548 1681 Rostrum
579 1642 756 1683 articulo
794 1644 931 1696 primo
963 1644 1129 1697 (baseos
1156 1647 1332 1686 articulo
1363 1664 1440 1687 an-

143 1712 361 1752 nulisormi
392 1727 475 1752 non
504 1713 764 1766 computato)
796 1713 964 1752 secundi
993 1715 1077 1753 fere
1102 1714 1380 1770 longitudine.

200 1783 356 1833 Capitis
378 1796 471 1834 pars
500 1782 657 1835 postica
677 1782 727 1820 ab
757 1782 892 1821 antica
921 1782 1188 1837 impressione
1214 1795 1440 1826 transversa

143 1863 218 1888 nec
246 1849 442 1890 distincta
469 1865 545 1889 nec
570 1852 615 1890 in
642 1851 841 1904 segmenti
868 1851 1009 1890 lobive
1028 1853 1197 1892 modum
1213 1855 1440 1895 eminenti-

142 1920 354 1971 producta.
385 1922 547 1960 Thorax
573 1935 694 1973 supra
718 1921 1002 1975 planiusculus
1029 1932 1099 1961 aut
1127 1924 1315 1979 subaeque
1338 1942 1438 1966 con-

144 1987 433 2037 vexiusculus,
470 2002 556 2027 non
595 1988 789 2027 distincte
824 1989 1231 2031 elevato-bilohatus.
1272 1994 1438 2046 (Tibioe

139 2056 288 2094 anticae
316 2055 459 2108 saepius
490 2055 600 2093 infra
628 2056 811 2096 seriatim
836 2056 1137 2111 denticulatae.)

143 2180 180 2217 I.
210 2179 343 2216 Pedes
377 2180 505 2215 antici
523 2179 752 2230 semoribus
790 2179 972 2232 oblongis
1010 2180 1199 2233 tibiisque
1225 2184 1434 2239 elongato-

196 2249 456 2303 cylindricis,
494 2251 720 2303 gracilibus
740 2267 756 2298 ,·
797 2259 966 2289 rostrum
1006 2252 1065 2289 ad
1098 2254 1226 2304 pedes
1258 2258 1438 2306 posticos

199 2332 325 2369 usque
348 2306 594 2369 protensum.

194 2421 446 2455 SCHELLENB.
466 2423 556 2456 Cim.
568 2449 580 2462 ,
607 2423 683 2456 tab.
709 2424 728 2457 ὅ
740 2449 750 2467 ,
760 2424 831 2471 fig.
853 2435 883 2457 1.
902 2443 949 2451 --
964 2424 1149 2458 Reduvius
1163 2433 1319 2471 apteras,
1331 2428 1436 2471 Fab.;

151 2485 321 2531 Coqwgss.
338 2484 463 2521 Illust.
489 2489 578 2523 leon
595 2488 750 2530 [περι-ὴ,
780 2489 851 2524 dec.
878 2488 918 2532 5,
949 2487 1024 2522 tab.
1043 2499 1110 2532 21„
1127 2489 1200 2535 fig.
1220 2489 1242 2524 8
1250 2505 1261 2533 3
1282 2493 1438 2536 punaise
