1621 2960
214 228 251 282 4
515 223 768 280 Insecta.
814 222 990 276 Ptero
998 220 1200 277 diceree-

213 340 327 380 satae,
356 330 471 384 apice
511 331 744 370 acuminato
772 335 811 367 et
840 327 884 365 in
917 327 1081 368 (lentem
1108 343 1284 382 parvum
1310 328 1484 370 aheunte
1502 361 1517 379 ‚

217 400 398 441 obsolete
423 400 472 440 ad
495 398 622 438 latera
639 397 890 437 subsinuato.
914 401 1046 452 Palpi
1070 398 1305 439 maxillares
1333 399 1517 441 maxillis

216 472 450 527 quadruplo
487 480 556 510 aut
593 468 771 523 amplius
813 469 1038 524 longiores,
1074 470 1250 510 articulo
1281 470 1420 524 primo
1450 484 1514 510 se-

218 542 355 583 cundo
377 541 513 594 palam
537 541 746 588 breviore,
771 531 907 579 tribus
933 539 1093 579 ultimis
1118 540 1393 594 longissimis,
1421 554 1514 593 gra-

218 611 412 659 cillimis,
429 610 692 665 cylindricis,
712 609 923 650 terminali
942 610 1187 663 praecedente
1202 626 1285 650 non
1303 611 1516 664 longiore,

220 680 270 719 ad
296 681 456 734 apicem
483 680 631 720 sensim
663 680 787 734 paulo
817 680 1038 730 erassiore3
1062 678 1232 719 labiales
1250 679 1393 719 eodem
1413 679 1517 718 arti-

219 747 315 788 culo
344 748 429 787 sive
452 757 598 801 quarto
626 747 870 802 praecedenti
902 747 1107 796 tenuiore,
1141 746 1342 786 subovali.

279 818 443 855 Thorax
464 818 597 856 amice
620 816 738 856 valde
763 826 1005 856 attenuatus.
1025 818 1291 856 stIetatlzorax
1308 824 1517 869 segmento

221 884 381 939 postico
410 884 935 940 horizontali-cylindrico.
966 886 1181 925 Abdomen
1210 882 1393 937 ejusdem
1427 898 1519 937 seg-

224 957 355 996 menti
386 957 492 1011 apici
520 971 666 1012 supero
696 958 923 1009 insertum3
956 966 1163 1012 segmento
1192 956 1329 1008 primo
1348 968 1516 1008 sequen-

222 1026 337 1066 tibus
355 1027 528 1080 abrupte
545 1029 798 1082 angustiore,
827 1029 872 1068 in
890 1027 1129 1082 pediculum
1144 1026 1401 1080 elongatum,
1426 1039 1520 1078 per-

223 1097 330 1137 fecte
347 1096 654 1152 cylindricum,
680 1099 870 1138 formato.
898 1100 997 1138 Alce
1025 1112 1176 1151 superae
1203 1095 1348 1136 areolis
1363 1093 1518 1133 discoi-

223 1165 388 1207 (lalibus
418 1168 570 1221 trihus3
598 1168 758 1208 duabus
785 1170 943 1223 superis
966 1169 1181 1224 perfectis,
1203 1166 1336 1205 infera
1361 1163 1520 1218 longis-

225 1237 328 1277 sima
344 1269 355 1287 ‚
380 1237 603 1277 terminali.
631 1241 801 1278 Femora
826 1239 983 1292 postica
1011 1238 1245 1277 incrassata.

274 1337 476 1382 Stephanus
495 1344 697 1371 coronatus.
716 1340 810 1371 JUR.
830 1339 1030 1383 Hymenop.
1047 1363 1056 1380 ,
1079 1349 1118 1382 p.
1141 1336 1184 1381 95
1200 1360 1213 1375 ,
1228 1333 1283 1379 pl.
1313 1346 1332 1379 7
1346 1360 1357 1373 ,
1384 1346 1466 1380 gen.
1484 1334 1516 1367 4.

225 1400 388 1444 femina3
407 1404 551 1436 Bracon
575 1409 741 1435 serrator.
766 1404 869 1436 ΓΑΒ.
896 1404 1045 1447 System.
1076 1403 1214 1447 piezat.
1243 1426 1252 1443 ‚
1287 1412 1377 1446 pag.
1423 1401 1486 1433 108
1508 1413 1522 1439 ,-

226 1466 361 1497 ΡΑΝΖ.
377 1467 496 1499 Faun.
516 1468 646 1500 Insect.
665 1469 780 1500 Germ.
794 1492 807 1506 ,
827 1466 927 1513 fasc.
950 1467 993 1512 76
1008 1491 1019 1505 ,
1038 1465 1115 1498 tab.
1143 1465 1211 1504 15‚·
1236 1464 1349 1506 ejusd.
1375 1464 1521 1497 Entom.

225 1540 315 1561 vers.
339 1530 394 1561 elie
408 1531 528 1576 jurin.
547 1542 586 1576 p.
612 1542 653 1576 77
669 1556 681 1570 ,
699 1531 782 1564 fem.
799 1546 807 1573 3
826 1531 1044 1564 Ichneumon
1063 1528 1253 1563 couronne‘.
1269 1530 1394 1562 LATR.
1420 1528 1520 1561 Hist.

226 1599 306 1625 nat.
333 1594 393 1626 des
415 1596 527 1627 Crast.
545 1600 579 1627 et
592 1596 651 1628 des
667 1597 798 1628 Insect.
814 1621 822 1637 ‚
844 1601 870 1627 t.
902 1595 1012 1640 15‚p.
1040 1594 1117 1634 178.

270 1656 462 1690 Feminam
476 1669 494 1690 a
510 1658 657 1691 domino
672 1659 862 1692 LAnnns-rr
873 1683 882 1700 ,
902 1664 938 1690 et
952 1669 1089 1690 marem
1110 1669 1130 1689 a
1149 1656 1297 1689 domino
1313 1655 1524 1688 DARGELAS

225 1722 357 1765 accepi.

273 1804 387 1836 Nota.
402 1804 543 1848 Pimpla
564 1811 755 1839 coronator
766 1805 927 1838 Fabricii
945 1804 1037 1837 forte
1063 1803 1225 1848 ejusdem
1251 1801 1404 1847 generis.

278 1928 614 1971 CCCCXXXIX.
642 1932 800 1972 Gmws.
828 1935 1056 1972 XORIDES.
1087 1931 1256 1971 Xoride.

277 1999 453 2053 Clyptzcs
463 2031 476 2048 ,
505 2004 620 2041 ΓΑΒ.
639 2004 937 2042 —Anomalon
947 2033 958 2052 ‚
988 2005 1017 2041 J
1020 2015 1183 2041 URINE.

280 2081 552 2120 Mandibzcloe
580 2081 689 2121 ultra
714 2081 846 2121 hasim
880 2090 1117 2136 angustatae,
1144 2079 1412 2134 subarcuutae‚
1444 2076 1525 2116 oh-

225 2153 333 2186 tusae.
365 2151 500 2202 Palpz·
525 2149 761 2190 maxillares
786 2150 962 2191 articulo
987 2150 1125 2204 primo
1145 2148 1324 2188 secundo
1350 2161 1436 2186 non
1456 2155 1526 2186 aut

226 2324 379 2356 maculis
392 2325 611 2369 adjungendi
626 2326 729 2368 sunt'3
745 2327 907 2371 stephani
921 2338 1005 2360 vero
1018 2325 1185 2359 antennis
1201 2330 1235 2357 et
1246 2322 1452 2357 abdominis
1464 2320 1525 2353 in—

225 2387 383 2419 serlione
394 2399 477 2420 cum
491 2388 840 2424 lchneumonidibus
848 2393 998 2424 omnino
1009 2390 1234 2424 conveniunt
1244 2414 1253 2430 ‚
1265 2394 1300 2421 et
1315 2387 1358 2420 ad
1369 2384 1522 2419 tertium

226 2450 393 2484 ordinem
432 2453 593 2486 methodi
621 2456 821 2498 jurineanae
852 2456 972 2502 potius
996 2467 1104 2501 quam
1136 2455 1181 2488 ad
1209 2451 1434 2493 secundum,
1461 2447 1521 2480 cui

227 2511 483 2549 inscribuntur
499 2541 508 2559 ‚
529 2517 723 2560 pertinent.
