1621 2960
189 166 245 208 21
262 156 296 209 4
488 158 740 214 Insecta.
782 161 1174 220 Pteroclz'cera.

189 262 518 305 quadi-larticulati.
539 267 656 311 Caput
674 265 770 300 infra
790 269 937 302 definite
964 280 1176 307 excavatum
1201 274 1318 320 (gula
1339 275 1452 319 Kirby
1471 277 1482 320 j

189 339 254 371 pro
280 330 514 364 maxillarum
556 333 716 375 labiique
753 335 950 369 insertione
984 353 993 379 3
1039 339 1194 372 maxillae
1237 346 1272 372 et
1305 341 1442 374 labium
1467 367 1476 383 3

191 402 320 434 genere
357 396 503 428 Uroceri
533 403 679 439 excepto
698 423 706 437 3
744 398 952 442 ligamentis
997 403 1177 436 distinctis
1209 404 1221 450 (
1249 406 1481 440 maxillarum

191 456 267 487 sive
296 457 413 499 Kirby
439 458 669 492 valvularum
695 461 782 494 loris
810 470 845 495 ct
877 465 965 497 labii
993 467 1140 513 fulcro)
1174 469 1281 513 capiti
1315 482 1450 503 annexa
1474 497 1482 513 3

191 521 360 565 parallelo
387 529 531 554 exiensa
547 548 555 564 3
589 523 632 555 ad
660 526 837 568 angulum
862 529 1032 563 verticale
1049 556 1057 572 3
1081 533 1183 575 (non
1210 533 1482 566 horizontaliter

193 588 229 613 ct
260 583 419 615 exterius
450 590 491 615 ut
520 585 558 616 in
590 586 838 631 Orthopt'eris,
872 591 1132 635 Nevropteris)
1164 595 1260 626 ultra
1288 596 1502 638 ligamenia¹

191 647 404 688 geniculata.
447 645 619 682 Maxilloe
646 675 655 691 3
704 653 850 685 Uroceri
887 664 1014 696 genere
1053 663 1199 700 excepto
1226 683 1234 698 3
1276 659 1444 690 coriaceae
1469 684 1478 700 3

193 707 467 742 valvuliformes
497 736 506 752 3
541 712 657 744 menti
689 713 823 746 labiive
863 715 944 747 tubi
986 716 1160 759 vaginalis
1189 718 1301 751 latera
1329 721 1485 763 amplec-

194 779 310 805 tentes
329 780 392 806 aut
407 775 610 810 fulcientes,
638 778 795 811 Labium
823 781 1142 814 membranaceum
1158 807 1167 823 3
1194 784 1319 826 saepius
1345 786 1489 828 elonga-

192 843 272 868 tum
289 862 298 878 3
323 838 438 870 forma
466 840 611 872 varium
632 863 642 883 3
668 841 706 874 in
733 843 860 875 mullis
888 844 1053 877 trifidum
1070 871 1078 885 3
1102 845 1178 878 illis
1197 846 1411 890 plerumque
1440 848 1481 880 ad

195 900 333 944 apicem
359 902 552 936 dilatatum
570 930 579 946 3
604 905 660 938 his
688 906 825 939 lineare
848 908 905 940 vel
933 908 971 940 in
1003 915 1114 942 setam
1142 910 1359 952 productum
1376 935 1384 951 3
1407 911 1486 942 lin-

193 963 393 1007 guiforme3
417 967 517 1011 apice
539 968 579 1000 in
605 969 782 1003 aculeatis
797 983 884 1014 saepe
900 972 1032 1004 reflexo
1058 979 1120 1003 aul
1144 972 1289 1005 inflexo.
1308 975 1485 1016 Mentam,

196 1029 345 1061 Urocen'
371 1041 497 1073 genere
523 1040 672 1077 excepto
690 1060 700 1076 3
731 1035 943 1068 tribulosum
974 1061 982 1077 3
1017 1037 1218 1068 coriaceum
1235 1061 1245 1078 ,
1278 1037 1486 1080 semicylin-

191 1091 335 1126 dricum
355 1101 416 1127 aut
441 1096 725 1131 subobconicum
743 1114 752 1142 3
771 1101 870 1143 apice
896 1101 1023 1133 latiore
1038 1127 1047 1142 3
1078 1101 1199 1133 medio
1227 1113 1369 1134 summo
1399 1114 1485 1146 saepe

192 1158 282 1190 unid
289 1165 420 1193 entato.

242 1238 374 1282 Corpus
394 1240 598 1285 elongatum
616 1267 628 1286 3
643 1245 858 1288 plerumque
883 1245 1210 1288 subcylindricum.
1232 1248 1349 1291 Caput
1374 1245 1485 1288 irigo-

195 1309 285 1332 num
309 1302 369 1335 vel
394 1313 764 1347 compresso-ovatum
782 1333 790 1349 3
814 1309 985 1340 verticalc
1008 1324 1016 1350 3
1043 1309 1157 1340 oculis
1184 1309 1324 1340 duobus
1346 1309 1459 1339 ovalis
1474 1333 1486 1346 ‚

193 1363 400 1398 lateralibus
415 1382 423 1409 3
452 1369 669 1413 plerumque
688 1371 809 1403 ocellis
838 1372 975 1413 tribus,
1009 1372 1135 1415 capitis
1170 1371 1300 1404 vertici
1331 1371 1488 1403 insertis.

196 1427 342 1460 Thorax
365 1430 534 1473 (truncus
547 1459 557 1476 3
575 1433 696 1476 Kirby
714 1435 726 1478 )
752 1435 1043 1477 subcylindricus
1071 1442 1132 1467 aut
1160 1435 1377 1475 subovatus3
1411 1444 1489 1477 seg-

190 1490 324 1522 mentis
347 1493 464 1526 tribus
482 1503 576 1528 arcte
596 1498 772 1529 connexis
789 1523 797 1539 3
820 1499 965 1541 posticis
980 1499 1120 1530 duobus
1137 1499 1354 1541 1›raese1·[im;
1369 1497 1490 1529 antico

192 1551 207 1594 (
221 1553 371 1595 collare,
389 1556 504 1599 Kirby
518 1562 530 1600 )
546 1559 762 1592 brevissimo
777 1586 786 1603 3
816 1567 1016 1593 iransverso
1034 1576 1041 1603 3
1070 1561 1178 1592 lerlio
1205 1561 1216 1604 (
1231 1560 1458 1592 metatlzorax
1475 1585 1484 1599 3

194 1615 333 1662 Kirby)
360 1619 492 1652 declivi
517 1628 578 1653 aut
598 1623 734 1666 posisice
752 1629 938 1665 lrnncato,
968 1624 1161 1655 scutellum
1179 1624 1322 1667 proprie
1349 1623 1489 1655 dictum

191 1686 227 1711 et
245 1689 426 1724 segmento
442 1686 778 1731 secundo(tl1.orax3
791 1686 922 1732 Kirby)
938 1687 1104 1728 affixum,
1121 1692 1382 1730 supertegente.
1399 1685 1486 1719 Aloe

194 1745 234 1777 in
252 1746 430 1790 plerisque
461 1749 737 1783 horizonlah'ter
766 1752 868 1784 dorso
895 1751 1174 1792 incumbentes3
1208 1751 1267 1782 alae
1287 1751 1489 1793 superiores

192 1811 381 1851 squamula
397 1812 439 1844 ad
459 1812 559 1845 basin
581 1815 760 1856 suffultae3
780 1815 969 1848 inferiores
988 1815 1146 1848 minores
1162 1839 1171 1856 3
1192 1825 1487 1857 pauco-nervosae.

190 1871 380 1904 Abdomen
391 1872 505 1905 forma
525 1875 694 1917 varium,
709 1876 1064 1918 semi-cylindricum
1082 1901 1091 1918 3
1118 1876 1286 1907 subovale
1302 1900 1311 1917 3
1335 1875 1490 1906 subm-a-

191 1940 289 1972 tum,
307 1935 473 1969 conicum
485 1962 494 1978 ,
518 1937 614 1970 infra
625 1940 905 1972 subearinatum
920 1948 982 1971 aut
999 1940 1150 1982 planum
1170 1939 1230 1971 vel
1243 1938 1462 1970 fornicatum
1478 1962 1488 1979 ›

191 1996 231 2027 in
249 1998 510 2031 terebrantibus
523 2001 717 2034 nonnullis
731 2002 849 2034 sessile
862 2028 870 2044 3
884 2003 925 2034 in
944 2002 1025 2034 aliis
1046 2008 1182 2047 puncto
1202 2001 1340 2034 thoraci
1360 2000 1488 2032 inocu-

189 2057 305 2091 latum
321 2074 329 2101 3
345 2062 536 2104 segmentis
552 2074 688 2097 novena
703 2070 766 2095 aut
784 2070 862 2096 octo
880 2064 921 2096 in
932 2063 1196 2096 terebrantibus
1213 2061 1385 2121 plurimis
1400 2075 1408 2103 3
1424 2072 1486 2094 sex

193 2119 359 2165 (femina
370 2129 389 2164 )
409 2130 472 2155 aut
490 2131 625 2168 septem
648 2126 665 2164 (
676 2125 880 2167 masculus)
906 2132 1049 2158 tantum
1072 2125 1112 2157 in
1135 2123 1312 2156 aculeatis
1326 2137 1338 2162 ;
1360 2123 1490 2165 primo,

193 2182 296 2214 basin
318 2196 440 2218 versus
457 2212 466 2228 ,
483 2187 522 2219 in
544 2188 761 2231 pediculum
789 2189 1007 2232 quandoque
1021 2188 1385 2230 elongato-attenuato
1404 2199 1413 2227 3
1430 2195 1493 2217 or-

190 2256 279 2288 gana
317 2250 487 2290 genitalia
527 2252 672 2285 interna
695 2278 707 2294 3
729 2253 859 2285 analia.
888 2252 1050 2285 Femina⁹
1077 2257 1277 2293 neutraque
1307 2248 1383 2281 illis
1413 2247 1494 2280 ovi-

189 2309 301 2342 duclu
317 2311 564 2348 lamelliformi
579 2323 641 2349 aut
654 2317 842 2349 s-etiformi
857 2342 866 2357 3
891 2316 1049 2349 valvulis
1064 2315 1202 2348 duabus
1221 2314 1411 2357 vaginam-3
1438 2313 1494 2345 his

188 2373 311 2405 aculeo
327 2376 517 2417 punctorio
531 2403 542 2416 3
568 2390 611 2409 ex
631 2379 764 2411 aczuleo
791 2378 936 2422 proprio
952 2384 987 2410 et
1013 2377 1114 2410 illius
1138 2377 1266 2420 vagina
1289 2379 1492 2414 constanle,

186 2436 290 2478 stylis
308 2437 449 2471 duobus
467 2444 676 2485 compressis
694 2469 713 2491 7
740 2443 910 2476 brevibus
923 2468 936 2483 ,
962 2441 1108 2487 adjectis
1121 2467 1130 2483 3
1159 2442 1346 2473 instructa.
1374 2438 1489 2473 ,Pedes
