1621 2960
466 167 606 224 Orcl.
638 165 766 223 III.
800 166 943 221 Sect.
962 168 1015 222 I.
1290 187 1392 243 109

103 275 291 311 saltatorii.
320 273 515 309 Oviductus
530 272 674 306 lamella
697 272 864 315 vaginata
892 282 966 303 non
982 269 1169 303 formatus.
1189 271 1387 307 Ocelliduo

103 347 246 374 tantum
264 345 327 371 aut
346 337 505 370 obsoleti.
533 335 838 381 Metamorphoses
856 334 978 367 nullae.

100 468 136 504 I.
169 465 378 504 Antennoe
404 472 588 510 exsertoe,
609 472 703 502 ante
727 471 804 502 aut
819 477 947 514 supra
961 462 1095 501 oculos
1115 465 1278 500 insertoe
1288 490 1302 508 ,
1322 476 1389 499 ca-

147 537 238 588 pite
275 536 472 587 longiores
489 564 503 581 ,
548 534 736 572 articulis
777 534 924 571 saltem
955 541 1150 585 quatuor,
1188 533 1389 570 tuberculo

151 604 380 640 insertionis
415 602 653 641 radiculave
692 616 772 639 non
812 609 1070 653 computato;
1098 603 1198 639 tarsi
1236 602 1390 652 soepius

151 674 338 711 articulis
361 674 490 711 tribus
504 688 520 720 ;
556 672 728 711 basilari
756 674 976 710 anticorum
1002 674 1045 710 in
1070 672 1278 710 nonnullis
1299 672 1389 709 bre·-

151 745 343 788 vissimo,
379 750 514 780 tamen
540 743 809 781 discernendo.

152 879 349 918 Rostrum
366 878 551 919 articulis
562 888 738 932 quatuor
750 879 831 918 dis-

103 948 272 1000 tinctis3
300 949 433 987 trihus
459 949 606 1001 primis
639 949 829 1003 subaeque

101 1018 249 1073 longis.
287 1019 470 1057 Labrum
508 1018 829 1072 longissimum,

101 1089 303 1126 striatam.
325 1088 441 1127 Tarsi
471 1102 614 1128 omnes
643 1088 829 1128 articulis

99 1156 235 1196 tribus
251 1157 476 1208 distinctis;
496 1157 672 1197 articulo
690 1158 827 1212 primo

100 1224 278 1264 secundo
304 1227 458 1280 majore
493 1236 561 1266 aut
586 1226 729 1267 saltem
756 1228 827 1267 vix

102 1294 305 1335 breviore.

149 1413 348 1452 Rostrum
369 1414 696 1467 (acutissimum,
715 1415 832 1455 coni-

98 1482 495 1537 co-cylindricum)
529 1483 733 1538 plerisque
766 1484 826 1539 (1)

100 1551 286 1597 articulis
321 1553 457 1592 tribus
496 1554 592 1606 (vel
625 1563 827 1608 quatuor,

99 1628 141 1658 at
165 1620 302 1672 primo
324 1622 566 1662 brevissimo
592 1623 828 1663 annulifor-

96 1688 152 1727 mi
172 1691 209 1739 );
239 1689 376 1742 primo
401 1699 440 1729 et
468 1692 645 1731 secundo
665 1702 734 1731 aut
747 1693 828 1732 boe

94 1757 229 1798 solum
271 1760 391 1799 tertio
425 1775 524 1814 saepe
566 1761 700 1800 multo
740 1762 830 1801 lon-

95 1829 294 1883 gioribus.
314 1830 496 1869 Labrum
518 1831 638 1870 breve
665 1841 735 1870 aut
754 1847 828 1884 pa-

94 1913 188 1938 rum
203 1899 452 1953 elongatum,
466 1900 698 1954 trigonum,
715 1900 825 1941 laeve.

92 1968 208 2008 Tarsi
241 1968 426 2008 articulis
459 1970 594 2009 trihus
619 1980 689 2010 aut
722 1971 826 2011 duo—

93 2039 190 2088 bus3
209 2038 385 2078 articulo
406 2039 562 2091 primo,
590 2040 824 2081 anticorum

94 2109 239 2150 saltem
254 2140 264 2158 ‚
301 2111 346 2150 in
387 2110 502 2149 tarsis
538 2110 824 2151 triarticulatis

94 2179 110 2233 (
126 2178 384 2234 secundoque
403 2180 448 2219 in
470 2179 713 2231 nonnullis)
736 2181 823 2220 bre-

92 2249 280 2299 vissimo,
310 2250 519 2290 interdum
545 2250 739 2290 obsoleto.

944 1032 1145 1066 FAMILIA
1178 1032 1336 1066 PRIMA.

1021 1096 1048 1128 C
1063 1107 1084 1127 o
1098 1107 1122 1128 R
1136 1107 1148 1128 1
1163 1106 1177 1126 s
1193 1106 1205 1127 1
1219 1106 1259 1127 AE.

1059 1158 1220 1192 Corisies.

908 1770 1110 1806 FAMILIA
1136 1769 1366 1804 SECUNDA.

986 1837 1014 1869 C
1027 1848 1039 1868 1
1053 1847 1081 1867 M
1098 1846 1109 1867 1
1121 1846 1140 1867 c
1155 1845 1166 1866 1
1182 1845 1205 1866 D
1218 1844 1238 1865 E
1252 1845 1278 1866 s.

1042 1899 1237 1933 Cimicidos.

137 2417 190 2464 (ι)
215 2419 257 2452 In
279 2423 527 2468 Hydrometris
544 2429 692 2457 externe
712 2421 1061 2455 subexartieulatum
1079 2421 1288 2454 articulisve
1311 2421 1374 2453 ob·-

91 2482 224 2517 soletis.
