1621 2960
203 196 232 231 2
498 179 754 233 Itzsectcc.
798 178 975 233 Pbero
983 179 1188 236 dicero.

196 282 406 316 maxillares
425 284 550 317 crebro
568 285 671 317 xalde
687 286 863 329 elongati,
883 288 1028 329 setacei,
1048 289 1216 332 penduli,
1242 289 1407 323 articulis
1430 301 1493 326 sex

195 353 261 380 aut
273 348 437 391 quinque
451 374 459 390 ,
475 349 587 380 fornia
599 373 608 389 ,
626 348 877 390 magnitudine
903 351 1026 395 variis,
1049 353 1179 385 mediis
1198 354 1417 397 majoribus;
1436 356 1494 387 la-

194 409 308 441 biales
334 410 451 441 mulio
469 410 650 441 breviores
662 433 671 450 ,
689 409 875 441 filisormes
889 435 898 452 ‚
925 411 1089 445 articulis
1106 421 1262 457 quatuor
1281 421 1342 447 aut
1365 417 1493 458 tribus,

194 472 324 515 apicali
344 472 468 515 swpius
489 472 647 514 longiore
663 496 672 513 ,
704 478 853 505 externe
880 476 1010 517 rejecto
1035 485 1069 509 et
1094 489 1177 510 cum
1210 480 1492 521 prwoedentibus

193 537 369 580 angulum
401 535 587 568 efficiente.
622 535 779 568 Labium
811 538 1125 573 membranaceum
1151 567 1160 583 ‚
1191 542 1328 585 apicem
1366 555 1492 576 versus

192 601 325 634 sensim
355 599 641 640 sulnlilatalum,
667 599 753 631 hinc
778 600 1035 633 suham-datum
1052 627 1061 643 ,
1089 604 1270 648 integrum
1295 607 1352 638 vel
1379 606 1491 649 magis

190 665 360 696 minusve
383 663 661 705 emarginatum.
695 665 860 695 Mentam
892 664 1094 697 eoriaceum
1111 691 1120 707 ,
1144 667 1279 711 breve,
1303 670 1492 711 subcylin—

190 727 335 759 (hicum
356 751 364 767 ,
403 727 522 758 antiae
557 726 817 768 longitrorsum
862 727 1135 760 suboarinatum
1167 737 1230 763 aut
1265 734 1462 765 com-axius
1481 747 1491 776 3

188 790 287 832 apice
306 791 411 833 paulo
426 790 554 821 latiore
568 815 577 831 ,
599 795 767 821 truncato
779 815 786 829 ,
802 789 997 834 utrinque,
1012 792 1078 823 sub
1096 793 1283 837 palporum
1298 796 1489 831 labialium

189 853 347 896 origine,
363 852 406 884 ad
432 853 543 884 latera
560 877 568 894 ,
587 853 827 895 eniarginatO.

239 918 371 961 Corpus
399 916 502 948 valde
527 916 737 959 elongatum
759 942 771 955 ‚
801 918 1116 959 subcylindricum
1147 920 1205 952 vel
1234 920 1486 957 subfiliforme.

188 983 307 1025 Caput
335 981 548 1024 plerumque
579 982 983 1024 compresso-trigonum
998 1010 1006 1025 ,
1030 989 1275 1016 transversum
1297 1010 1306 1027 ,
1332 985 1489 1019 thoracis

187 1044 359 1088 segmenti
384 1044 533 1075 secundi
560 1044 757 1076 latitudine
780 1052 842 1077 aut
869 1046 932 1077 illo
961 1046 1023 1078 vix
1052 1048 1262 1090 angustius,
1293 1049 1493 1092 verticale3

187 1108 302 1140 oculis
320 1107 481 1140 breviter
498 1108 663 1140 ovalibus
679 1133 687 1147 ,
713 1108 884 1152 integris,
915 1109 1036 1141 ocellis
1063 1110 1181 1142 tribus
1206 1111 1488 1153 approximatis,

188 1172 318 1204 vertici
344 1171 488 1204 insertis
503 1197 511 1213 ,
533 1172 570 1203 in
592 1173 819 1216 triangulum
835 1174 1016 1217 dispositis
1033 1190 1040 1217 3
1056 1186 1139 1206 naso
1159 1181 1357 1207 transverso
1375 1200 1384 1217 ,
1405 1175 1491 1208 bre-

186 1235 348 1268 vissimo.
372 1236 516 1267 Thorax
532 1242 716 1278 segmento
735 1237 855 1268 antico
881 1237 956 1269 sive
983 1238 1107 1270 collari
1136 1238 1351 1270 brevissimo
1373 1264 1382 1281 ,
1409 1248 1487 1281 seg-

183 1307 351 1334 mentum
367 1312 518 1343 sequens
529 1301 718 1341 arcuatim,
734 1302 776 1333 ad
791 1302 929 1334 alarum
944 1313 1155 1345 superarum
1169 1303 1347 1346 originem
1362 1313 1492 1346 usque,

184 1362 427 1405 marginante.
444 1362 680 1394 Metatlzorax
697 1369 880 1406 segmento
902 1364 1021 1396 antico
1043 1365 1082 1395 in
1107 1365 1301 1396 scutellum
1323 1364 1463 1396 elevato
1482 1379 1492 1407 3

187 1431 370 1469 segmento
388 1424 507 1456 medio
530 1425 703 1468 utrinque
727 1432 921 1458 transverse
942 1428 1114 1470 impresso
1137 1434 1172 1459 et
1200 1427 1239 1458 in
1264 1439 1408 1460 crucem
1427 1428 1494 1460 de·-

187 1494 366 1520 eussatam
384 1513 394 1526 ,
422 1493 661 1520 transversam
677 1514 685 1530 ,
712 1490 895 1522 efformato
917 1505 924 1532 3
947 1491 1055 1523 tertio
1083 1491 1158 1523 sive
1182 1491 1312 1534 apicali
1333 1492 1494 1533 majore,

189 1553 316 1596 saepius
332 1552 465 1596 postico
482 1560 602 1585 retuso
620 1559 682 1586 aut
700 1554 857 1596 declivi,
882 1565 1023 1598 rugoso.
1044 1555 1234 1589 Abdomen
1254 1553 1494 1588 mezathoraci

187 1614 356 1659 pediculo
382 1613 555 1646 distincto
585 1626 770 1648 annexum
787 1642 795 1657 ,
821 1628 907 1660 saepe
924 1617 1131 1661 elongatum
1148 1643 1156 1658 ,
1182 1617 1298 1649 forma
1321 1616 1466 1648 varium
1483 1641 1493 1656 ,

188 1678 287 1712 infra
309 1677 517 1711 carinarum
534 1685 569 1710 et
589 1691 675 1723 saepe
693 1681 904 1723 biloeulare,
919 1681 974 1726 (in
992 1681 1139 1714 feminis
1151 1681 1336 1725 plurimis,
1352 1681 1395 1713 ad
1411 1680 1497 1725 api-

191 1755 270 1776 cem
295 1744 422 1775 subtus
442 1743 681 1777 incrassatum
697 1771 705 1786 ,
730 1747 1156 1789 compresso-cannatum
1171 1772 1180 1789 ‚
1211 1747 1359 1789 oblique
1377 1753 1491 1779 trun—-

193 1806 342 1853 catum)
360 1807 550 1850 segmentis
566 1807 763 1840 dorsalibus
777 1810 992 1852 plerumque
1004 1816 1155 1852 septem,
1172 1810 1290 1842 tribus
1304 1816 1366 1842 aut
1384 1811 1495 1843 unico

192 1878 339 1905 tantum
359 1871 400 1902 in
423 1871 636 1915 nonnullis3
655 1873 827 1905 oviductu
849 1885 978 1906 corneo
998 1874 1174 1916 trisetoso,
1187 1874 1376 1916 saepissime
1388 1875 1494 1918 longe

195 1934 370 1978 producto
388 1958 397 1975 ,
424 1945 443 1965 e
471 1934 702 1966 valvularum
727 1935 837 1977 apicis
863 1935 973 1967 inferi
1000 1935 1204 1967 abdominis
1237 1935 1494 1978 dissepimento

194 2005 378 2041 exeunte3
411 1999 495 2031 setis
530 1999 786 2042 capillaribus5
819 1999 958 2031 duabus
985 1999 1218 2041 lateralibus,
1247 2000 1494 2042 volubilibus,

194 2062 353 2104 villosis,
374 2063 474 2095 intus
493 2063 761 2104 canaliculatis,
781 2064 937 2096 mediam
950 2065 1175 2096 terebramve
1194 2064 1334 2107 proprie
1357 2063 1493 2098 dictam

195 2125 473 2169 vaginantibus,
499 2128 657 2166 villosis,
683 2128 839 2170 obtusis3
871 2128 936 2160 hac
953 2127 1231 2172 praecedentium
1247 2123 1492 2173 longitudine,

197 2187 310 2229 magis
323 2199 451 2220 cornea
460 2215 468 2231 ,
487 2189 671 2234 rigidiore,
683 2190 848 2221 brunnea
861 2196 924 2221 aut
935 2189 1149 2230 rufescente,
1167 2188 1380 2231 cylindrica,
1393 2190 1493 2233 apice

196 2248 404 2280 acutissima
437 2256 473 2281 et
508 2250 703 2283 denticulis
733 2242 924 2283 nonnullis
956 2251 1133 2283 instructa
1155 2276 1164 2294 ‚
1197 2261 1216 2280 e
1239 2250 1323 2281 setis
1352 2250 1493 2284 duabus

209 2337 1489 2352 *m

199 2386 356 2419 maxillae
370 2388 542 2430 marginis
561 2389 699 2422 interni
722 2396 862 2433 partem
886 2389 1060 2422 efficiente
1078 2403 1086 2431 3
1101 2389 1210 2420 latore
1228 2400 1356 2435 supero
1374 2396 1409 2426 et
1428 2391 1490 2425 cui

201 2450 406 2497 imponitur
421 2463 606 2500 processus
622 2454 780 2491 exterior
804 2455 844 2490 in
866 2464 1021 2489 acumen
1038 2454 1237 2489 desinente.
