1621 2960
229 173 334 229 104
440 153 448 157 Ἰ
521 171 772 226 In-sectcc.
813 167 1202 224 Pteroclicera.

220 280 388 315 tathorax
425 277 558 322 postice
593 283 782 309 truncatus
802 301 810 316 ,
843 276 1035 319 segmentis
1066 276 1290 310 transversis.
1327 275 1516 311 Abdomen

222 346 263 378 in
281 342 425 376 seminis
444 341 561 380 male,
587 340 625 371 in
647 338 815 371 masculis
835 338 995 381 longius,
1013 340 1286 383 subellipticnm
1303 355 1312 383 5
1332 345 1514 383 segmento

223 408 342 441 antico
363 407 401 438 in
422 403 610 437 nonnullis
631 407 807 433 coarctato
824 416 832 442 3
861 402 990 434 ultimo
1009 403 1170 446 depresso
1188 429 1196 444 ,
1226 404 1351 446 plano,
1371 403 1515 444 scabro,

223 472 438 508 rotundato,
465 468 503 498 iu
527 466 698 498 masculis
721 465 834 508 spinis
850 466 988 507 tribus,
1007 468 1148 499 corneis
1164 492 1172 507 ,
1199 468 1371 510 porrectis
1385 491 1395 508 ‚
1413 466 1519 499 elon-

221 531 450 582 gato-conicis
462 555 471 571 ,
490 529 623 570 acutis,
644 528 840 569 instructo5
862 528 1079 561 intermedia
1092 531 1237 573 majore.
1255 531 1416 562 Feminoe
1433 539 1519 561 acu-

223 602 280 633 leo
295 596 413 628 valido
429 619 438 635 ‚
464 598 608 624 arcuato
625 618 633 633 ,
653 592 879 632 abscondito,
894 591 996 632 stylis
1008 597 1125 624 tamen
1140 593 1350 626 lateralibus
1368 593 1405 625 in
1424 603 1518 624 non-

223 660 338 694 nullis
356 657 479 691 saltem
496 654 685 698 paululum
704 653 851 685 exsertis
866 666 875 694 ;
902 652 1045 695 spinula
1062 664 1147 696 saepe
1160 654 1223 685 vix
1238 654 1491 698 distinguenda
1507 679 1515 695 ,

225 735 268 757 ex
289 727 444 763 utroque
467 718 596 757 latere,
621 716 664 747 ad
685 715 890 747 abdominis
911 715 1087 757 segmenti
1116 715 1241 748 ultimi
1265 716 1378 748 basin.
1407 715 1519 749 Pedes

221 781 539 825 breves5fi‘11n0m,
566 777 764 822 praesertim
784 783 940 820 quatuor
964 778 1122 820 postica,
1149 777 1245 810 infra
1271 785 1353 810 ante
1379 780 1517 822 apicem

223 851 354 896 plana,
379 845 446 878 sub
483 843 581 886 apice
615 848 805 883 excavata,
836 842 937 874 illius
964 842 1124 885 margine
1152 843 1293 875 laterali
1320 843 1453 886 postico
1479 844 1518 877 in

224 912 427 947 auriculam
449 907 679 941 rotundatam
698 931 706 947 ,
725 916 965 949 compressam
988 931 997 947 ,
1029 907 1181 949 abrupte
1213 906 1363 939 dilatato
1384 921 1392 948 ;
1424 907 1518 940 tibiae

225 979 352 1011 breves
375 990 383 1016 3
408 972 532 1004 anticae
567 970 644 1002 velo
677 975 823 1002 arcuato
843 995 851 1011 ‚
878 969 920 1001 ad
954 971 1092 1013 apicem
1123 970 1296 1011 dilatato,
1330 976 1520 1013 truncato,

221 1043 362 1084 integro
383 1053 390 1080 ;
416 1036 492 1068 aliae
516 1033 714 1066 calcaribus
739 1033 878 1065 duobus
899 1034 1026 1065 validis
1043 1059 1051 1071 ,
1074 1034 1332 1076 inaequalibus,
1348 1034 1520 1071 omnibus

224 1106 441 1150 plerumque
466 1098 605 1138 acutis3
625 1097 770 1140 posticis
787 1097 928 1129 duobus
948 1097 986 1129 in
1009 1097 1157 1129 feminis
1170 1098 1361 1130 nonnullis
1380 1104 1522 1130 tantum

228 1167 327 1212 apice
354 1162 513 1197 dilatatis
532 1186 541 1202 ‚
573 1160 780 1192 rotundatis
809 1174 817 1201 3
851 1159 938 1192 tarsi
974 1160 1075 1191 tibiis
1112 1159 1290 1202 longiores
1314 1184 1326 1198 ,
1370 1159 1523 1201 hirsuti,

226 1227 430 1275 spinosuli,
458 1224 643 1267 unguibus
663 1223 803 1255 duobus
819 1223 973 1264 validis,
1001 1223 1137 1261 acutis,
1163 1223 1259 1255 ultra
1286 1223 1386 1256 basin
1413 1223 1521 1255 eden-

226 1294 316 1328 tulis
341 1317 349 1333 ,
382 1288 650 1334 appendiceque
685 1297 815 1318 cornea
830 1311 838 1326 ‚
870 1297 976 1329 parva
992 1312 1000 1327 ,
1026 1286 1258 1329 subtrigona,
1280 1286 1521 1327 intermedia3

216 1355 437 1404 feminarum
458 1350 561 1394 pedes
584 1350 699 1381 multo
724 1348 929 1390 crassiore53
954 1347 1090 1380 femora
1123 1359 1251 1391 magna
1268 1373 1276 1389 ‚
1304 1359 1522 1391 compressa,

226 1419 323 1452 infra
339 1416 499 1453 sinuata,
517 1412 680 1445 auricula
704 1411 833 1454 apicali
853 1436 861 1452 ‚
886 1412 1082 1455 praesertim
1113 1412 1151 1444 in
1177 1418 1333 1455 quatuor
1358 1413 1516 1456 posticis,

225 1484 360 1525 majore
383 1495 390 1521 3
427 1478 523 1510 tibiae
550 1477 765 1517 incrassatae,
792 1482 994 1508 transverse
1015 1476 1139 1520 saepius
1164 1476 1295 1509 striatae
1313 1502 1323 1518 ‚
1351 1476 1522 1518 dentatae,

227 1546 361 1591 spinis,
379 1543 489 1575 etiam
510 1541 553 1573 ad
572 1541 708 1584 apicem
726 1565 734 1581 ,
755 1540 960 1582 instruct-„133
987 1541 1070 1572 tarsi
1097 1540 1200 1572 valde
1224 1539 1377 1582 hirsuti,
1405 1541 1522 1572 verti-

225 1605 500 1653 cillato-spinosi
516 1631 525 1647 ‚
550 1604 705 1648 spinulis
724 1603 909 1647 elongatis.
935 1603 1023 1637 Alae
1056 1615 1192 1649 superae
1222 1603 1342 1647 tegula
1361 1604 1523 1636 cochlea·-

228 1673 393 1713 riformi‚
411 1670 610 1714 majuscula
629 1685 637 1713 3
663 1669 827 1713 stigmate
853 1680 924 1701 non
952 1675 1015 1701 aut
1040 1669 1104 1701 vix
1124 1669 1295 1702 distincto
1310 1691 1319 1706 ,
1339 1669 1378 1702 iu
1399 1669 1526 1702 mullis

227 1736 463 1772 celluliformi
477 1734 618 1777 3-1imbo
634 1734 768 1777 postico
779 1734 883 1777 longe
899 1734 1042 1774 striato,
1058 1733 1187 1765 areolis
1201 1733 1394 1776 destit11105
1408 1733 1525 1765 areola

228 1800 423 1846 marginali
441 1799 549 1831 unica
567 1823 576 1839 ,
598 1797 752 1841 perfecta
768 1823 777 1839 ,
800 1797 852 1832 .ab
869 1798 967 1841 apice
987 1798 1092 1841 longe
1111 1803 1246 1829 remota
1261 1823 1270 1839 ‚
1291 1798 1331 1829 in
1357 1797 1528 1831 masculis

228 1864 430 1899 secundum
448 1860 720 1904 longitudinem
739 1866 840 1892 costae
855 1860 1000 1903 penitus
1018 1860 1153 1903 adjecta
1171 1885 1181 1902 ‚
1208 1861 1246 1892 in
1274 1859 1420 1892 feminis
1440 1871 1526 1893 vero

228 1931 362 1963 inflexa
388 1933 424 1960 et
449 1938 533 1959 cum
559 1925 722 1969 margine
755 1931 906 1957 externo
938 1925 1112 1968 angulum
1143 1924 1348 1968 efficiente;
1375 1932 1444 1959 tres
1461 1931 1525 1958 aut

231 1993 310 2025 duae
329 1989 454 2023 areolae
479 1986 764 2030 submarginales
778 1992 813 2018 et
829 1986 1058 2029 discoidale55
1084 1987 1212 2019 areolis
1231 1987 1524 2031 apicali-externa

230 2062 265 2089 et
286 2050 554 2098 apicati-media
571 2050 611 2082 in
629 2050 820 2083 nonnullis
837 2050 1028 2083 inchoatis.

278 2152 522 2183 ANNOTATIO.
559 2147 602 2179 In
635 2147 754 2179 scoliis
790 2147 960 2179 omnibus
991 2146 1236 2185 instrumenta
1263 2145 1399 2178 cibaria
1430 2151 1523 2179 certe

232 2214 455 2254 conformia3
481 2212 543 2243 alae
574 2222 679 2251 vero,
707 2222 770 2254 pro
795 2210 949 2243 diversis
976 2210 1159 2254 speciebus
1175 2236 1186 2248 ,
1214 2210 1372 2242 maxime
1401 2210 1525 2243 differ-

229 2284 320 2314 runt
336 2303 344 2319 ‚
369 2276 465 2319 quod
486 2275 700 2307 methodum
723 2274 955 2318 jurineanam
986 2273 1173 2306 labefactat
1193 2287 1201 2315 ;
1227 2255 1431 2306 areolarum
1460 2286 1527 2307 nu-

231 2353 333 2377 mero
353 2339 530 2382 neglecto,
550 2338 664 2369 scoliae
682 2341 802 2369 tamen
821 2336 1026 2369 charactere
1041 2361 1050 2378 ‚
1078 2336 1134 2369 his
1160 2337 1350 2381 principiis
1372 2338 1501 2370 innixo
1516 2364 1526 2381 ,

232 2401 390 2439 discerni
410 2407 581 2447 possunt:
612 2400 737 2433 areola
753 2399 1037 2446 submarginasis
1057 2401 1212 2434 secunda
1232 2403 1363 2446 primae
1377 2402 1525 2446 penitus

224 2470 306 2517 fere
332 2465 497 2510 subjecta
517 2481 526 2505 ς
553 2464 590 2496 iu
621 2464 701 2497 aliis
725 2463 995 2509 hymenopteris
1015 2464 1140 2499 areolae
1162 2465 1446 2512 submarginales
1463 2476 1524 2509 per
1564 2476 1570 2478 >

1395 2529 1522 2563 seriem
