1621 2960
148 166 288 222 Ord.
311 165 439 222 III.
463 164 639 217 Fam.
664 161 710 215 Ι
711 159 818 224 V,
851 158 1192 214 Cicadarc'ae.
1241 164 1344 238 159

50 271 273 326 aequalibus
291 302 302 317 ,
343 267 615 323 cylindricis;
651 264 801 305 ultimo
832 264 883 304 ad
910 265 1028 304 basin
1060 264 1182 320 longe
1207 277 1348 307 ovato-

51 341 214 389 comeo,
231 339 432 394 gradatim
447 337 491 375 in
517 345 642 375 setam
659 334 890 389 elongatam
913 334 1134 374 desinente.
1152 338 1281 374 Frons
1299 337 1344 376 in

49 422 229 452 rostrum
255 411 448 450 obtusum
475 422 656 448 cornuve
682 407 870 454 dilatata,
900 421 922 445 a
949 406 1083 461 clypei
1112 407 1200 446 basi
1233 407 1346 446 infra

52 482 226 534 abrupte
255 479 447 519 distincta
478 488 546 517 aut
585 492 680 517 cum
709 475 782 515 illa
821 475 1023 530 angulum
1054 484 1220 515 acutum
1254 476 1346 516 effi-

54 551 176 589 ciens.

111 635 260 684 Corpus
288 647 373 672 non
401 631 633 684 depressum
652 661 664 677 ,
692 629 936 683 plerumque
974 629 1097 668 altius
1128 643 1252 683 quam
1285 629 1349 668 la-

57 704 157 751 tius,
188 702 238 741 ad
266 701 392 741 latera
409 715 711 754 compressum,
744 700 864 739 dorso
893 698 1050 738 elevato
1073 707 1142 737 aut
1165 699 1355 753 gibboso.

59 775 194 824 Caput
216 773 449 826 trigonum,
475 768 890 824 subperpendiculare
911 777 981 807 aut
1010 778 1169 807 nutans.
1194 771 1355 809 leorax

58 840 276 893 gibbosus,
316 840 361 878 in
397 839 616 879 scutellum
646 835 884 875 subulatum
913 836 1069 890 postiee
1099 836 1353 888 productus,

57 911 192 950 antico
223 920 292 949 aut
331 926 379 950 ex
418 919 590 962 utroque
622 907 745 946 latere
777 907 921 959 saepius
962 906 1170 945 dilatatus.
1203 909 1356 959 Elytra

60 997 252 1031 nervosa,
282 982 421 1035 saepius
440 979 748 1033 semi-hyalina.
785 980 918 1016 Tibine
943 991 1199 1031 compressae,
1224 992 1355 1031 angu-

61 1051 112 1090 lis
138 1053 340 1090 carinisve
366 1049 641 1089 denticulatis.

63 1182 98 1217 Ῑ.
134 1180 293 1217 Thorax
321 1182 363 1216 in
394 1179 667 1217 membranam
683 1179 915 1231 foliae-eam
925 1208 939 1224 ,
961 1179 1234 1224 altissimam,
1260 1179 1358 1216 sub-

114 1248 447 1284 senzieircalarem
479 1255 517 1284 et
552 1249 684 1284 antice
721 1255 844 1298 eaput
882 1261 1011 1297 supra
1045 1246 1355 1291 incumbentem,

117 1331 196 1354 non
219 1331 388 1369 superne
413 1318 627 1355 dilatatus.

243 1450 271 1471 1.
304 1438 447 1470 Thorax
466 1450 537 1471 non
566 1443 768 1471 antrorsum
795 1437 1181 1482 dilatato-productus.

98 1536 142 1568 A.
172 1536 315 1569 Thorax
334 1549 375 1569 ex
394 1544 541 1583 utroque
566 1537 676 1570 latere
701 1537 860 1580 dorsuali,
886 1549 957 1570 non
976 1540 1119 1580 antice,
1144 1544 1324 1572 cornutus.

119 1643 304 1675 Centrotus
321 1650 505 1684 cornutus,
528 1643 612 1676 Fab.
633 1658 641 1686 3
664 1645 795 1676 ΡΑΝΖ.
812 1641 929 1677 Faun.
949 1646 1081 1678 Insect.
1109 1647 1225 1678 Germ.
1239 1670 1248 1687 ,
1259 1643 1363 1690 fasc.

71 1708 131 1748 50,
152 1707 223 1753 fig.
244 1718 356 1751 19.—-
379 1710 565 1741 Centrotus
590 1709 754 1742 Bonasia
772 1708 943 1740 Fabricii.

68 1817 108 1848 B.
139 1817 282 1850 Thorax
305 1817 407 1850 dorso
425 1818 538 1851 medio
555 1818 769 1856 rotundato,
792 1830 854 1850 nec
882 1818 919 1850 in
945 1818 1088 1863 spinam
1112 1829 1177 1850 nec
1201 1819 1237 1850 in
1263 1819 1359 1852 cari-

117 1893 202 1914 nam
235 1881 346 1914 multo
385 1881 584 1923 elevatam,
623 1893 880 1927 compressam,
915 1880 1188 1927 cristzformem‚
1228 1893 1364 1915 sursum

113 1946 290 1989 producto
297 1969 305 1977 .

92 2053 122 2073 a.
153 2041 296 2074 Thorax
313 2041 458 2088 angulis
478 2042 632 2086 posticis
659 2042 696 2075 in
717 2043 855 2075 dentem
876 2041 1123 2075 auriculamve
1133 2042 1335 2086 productis.

123 2158 309 2190 centrotus
329 2157 539 2203 fasciatus,
568 2157 684 2201 Fab.;
717 2159 888 2200 CoQUEB.
923 2157 1045 2190 Illust.
1077 2159 1177 2190 Icon.
1210 2159 1369 2197 Insect„

75 2223 147 2255 dec.
171 2234 185 2255 1
201 2248 210 2264 ,
241 2222 317 2255 tab.
339 2235 359 2268 9
375 2248 383 2263 ,
403 2223 473 2269 fig.
504 2224 537 2257 5.
565 2243 610 2249 -
632 2225 770 2257 Darnis
794 2223 1013 2264 cimicoides,
1040 2222 1125 2256 Fab.
1148 2237 1156 2264 3
1192 2224 1369 2264 Coqum.

75 2286 195 2320 Illust.
218 2289 318 2320 Icon.
339 2289 496 2328 lasea„
527 2289 599 2321 dec.
618 2300 637 2321 2
653 2314 661 2330 ‚
691 2288 767 2321 tab.
798 2288 856 2329 18,
873 2288 946 2333 fig.
967 2285 999 2318 6.
1025 2305 1070 2312 -
1100 2287 1238 2320 Darnis
1266 2287 1372 2318 invo-

75 2349 175 2389 luta,
203 2350 311 2393 Fab·;
343 2353 517 2394 Coqvm.
548 2351 669 2385 Illust.
701 2355 801 2386 Icon.
828 2353 961 2385 Insect.
978 2376 988 2389 ,
1015 2351 1085 2383 dec.
1110 2361 1153 2393 2,
1188 2348 1267 2382 tab.
1301 2348 1363 2388 18,

69 2413 138 2460 fig.
169 2425 187 2450 ’,-
194 2438 202 2446 .
